@article{Pestun:2007rz,
      author         = "Pestun, Vasily",
      title          = "{Localization of gauge theory on a four-sphere and
                        supersymmetric Wilson loops}",
      journal        = "Commun.Math.Phys.",
      volume         = "313",
      pages          = "71-129",
      doi            = "10.1007/s00220-012-1485-0",
      year           = "2012",
      eprint         = "0712.2824",
      archivePrefix  = "arXiv",
      primaryClass   = "hep-th",
      reportNumber   = "ITEP-TH-41-07, PUTP-2248",
      SLACcitation   = "%%CITATION = ARXIV:0712.2824;%%",
}




%%%%%%%%%%%%%%%%%%%%%%%%% Dissertation 2021 %%%%%%%%%%%%%%%%%%%%%%%%%
%% Comment out "URL" for mathscinet bibs %%





@article {MR851627,
    AUTHOR = {Ruijsenaars, S. N. M. and Schneider, H.},
     TITLE = {A new class of integrable systems and its relation to
              solitons},
   JOURNAL = {Ann. Physics},
  FJOURNAL = {Annals of Physics},
    VOLUME = {170},
      YEAR = {1986},
    NUMBER = {2},
     PAGES = {370--405},
      ISSN = {0003-4916},
   MRCLASS = {58F07 (35Q20 70H40)},
  MRNUMBER = {851627},
MRREVIEWER = {Woodford W. Zachary},
       DOI = {10.1016/0003-4916(86)90097-7},
%       URL = {https://doi.org/10.1016/0003-4916(86)90097-7},
}

@article{Alday:2013kda,
    author = "Alday, Luis F. and Bullimore, Mathew and Fluder, Martin and Hollands, Lotte",
    title = "{Surface defects, the superconformal index and q-deformed Yang-Mills}",
    eprint = "1303.4460",
    archivePrefix = "arXiv",
    primaryClass = "hep-th",
    doi = "10.1007/JHEP10(2013)018",
    journal = "JHEP",
    volume = "10",
    pages = "018",
    year = "2013"
}

@article {MR2492363,
    AUTHOR = {Spiridonov, V. P.},
     TITLE = {The continuous biorthogonality of an elliptic hypergeometric
              function},
   JOURNAL = {Algebra i Analiz},
  FJOURNAL = {Rossi\u{\i}skaya Akademiya Nauk. Algebra i Analiz},
    VOLUME = {20},
      YEAR = {2008},
    NUMBER = {5},
     PAGES = {155--185},
      ISSN = {0234-0852},
   MRCLASS = {33C67 (33D70 37K10)},
  MRNUMBER = {2492363},
       DOI = {10.1090/S1061-0022-09-01073-5},
%       URL = {https://doi.org/10.1090/S1061-0022-09-01073-5},
}


@article{Derkachov:2012iv,
    author = "Derkachov, S.E. and Spiridonov, V.P.",
    title = "{Yang-Baxter equation, parameter permutations, and the elliptic beta integral}",
    eprint = "1205.3520",
    archivePrefix = "arXiv",
    primaryClass = "math-ph",
    doi = "10.1070/RM2013v068n06ABEH004869",
    journal = "Russ. Math. Surveys",
    volume = "68",
    pages = "1027--1072",
    year = "2013"
}

@article {MR725414,
    AUTHOR = {Sklyanin, E. K.},
     TITLE = {Some algebraic structures connected with the {Y}ang-{B}axter
              equation. {R}epresentations of a quantum algebra},
   JOURNAL = {Funktsional. Anal. i Prilozhen.},
  FJOURNAL = {Akademiya Nauk SSSR. Funktsional\cprime ny\u{\i} Analiz i ego
              Prilozheniya},
    VOLUME = {17},
      YEAR = {1983},
    NUMBER = {4},
     PAGES = {34--48},
      ISSN = {0374-1990},
   MRCLASS = {82A15 (22E70 58F07)},
  MRNUMBER = {725414},
MRREVIEWER = {V. Z. Enol\cprime ski\u{\i}},
}

@article {MR684124,
    AUTHOR = {Sklyanin, E. K.},
     TITLE = {Some algebraic structures connected with the {Y}ang-{B}axter
              equation},
   JOURNAL = {Funktsional. Anal. i Prilozhen.},
  FJOURNAL = {Akademiya Nauk SSSR. Funktsional\cprime ny\u{\i} Analiz i ego
              Prilozheniya},
    VOLUME = {16},
      YEAR = {1982},
    NUMBER = {4},
     PAGES = {27--34, 96},
      ISSN = {0374-1990},
   MRCLASS = {82A05 (58F07 81E25)},
  MRNUMBER = {684124},
}

@article{Gukov:2008sn,
    author = "Gukov, Sergei and Witten, Edward",
    title = "{Rigid Surface Operators}",
    eprint = "0804.1561",
    archivePrefix = "arXiv",
    primaryClass = "hep-th",
    doi = "10.4310/ATMP.2010.v14.n1.a3",
    journal = "Adv. Theor. Math. Phys.",
    volume = "14",
    number = "1",
    pages = "87--178",
    year = "2010"
}

@article{Gukov:2006jk,
    author = "Gukov, Sergei and Witten, Edward",
    title = "{Gauge Theory, Ramification, And The Geometric Langlands Program}",
    eprint = "hep-th/0612073",
    archivePrefix = "arXiv",
    month = "12",
    year = "2006"
}

@article{Spiridonov:2014cxa,
    author = "Spiridonov, V.P. and Vartanov, G.S.",
    title = "{Vanishing superconformal indices and the chiral symmetry breaking}",
    eprint = "1402.2312",
    archivePrefix = "arXiv",
    primaryClass = "hep-th",
    doi = "10.1007/JHEP06(2014)062",
    journal = "JHEP",
    volume = "06",
    pages = "062",
    year = "2014"
}

@article {MR1606760,
    AUTHOR = {Felder, Giovanni and Varchenko, Alexander},
     TITLE = {Elliptic quantum groups and {R}uijsenaars models},
   JOURNAL = {J. Statist. Phys.},
  FJOURNAL = {Journal of Statistical Physics},
    VOLUME = {89},
      YEAR = {1997},
    NUMBER = {5-6},
     PAGES = {963--980},
      ISSN = {0022-4715},
   MRCLASS = {82B23 (17B37 39A70 81R50)},
  MRNUMBER = {1606760},
       DOI = {10.1007/BF02764216},
%       URL = {https://doi.org/10.1007/BF02764216},
}

@article {MR2630038,
    AUTHOR = {Rains, Eric M.},
     TITLE = {Transformations of elliptic hypergeometric integrals},
   JOURNAL = {Ann. of Math. (2)},
  FJOURNAL = {Annals of Mathematics. Second Series},
    VOLUME = {171},
      YEAR = {2010},
    NUMBER = {1},
     PAGES = {169--243},
      ISSN = {0003-486X},
   MRCLASS = {33D67 (33D52 33D60)},
  MRNUMBER = {2630038},
MRREVIEWER = {Laurent Habsieger},
       DOI = {10.4007/annals.2010.171.169},
%       URL = {https://doi.org/10.4007/annals.2010.171.169},
}


@article {MR2044635,
    AUTHOR = {Spiridonov, V. P.},
     TITLE = {Theta hypergeometric integrals},
   JOURNAL = {Algebra i Analiz},
  FJOURNAL = {Rossi\u{\i}skaya Akademiya Nauk. Algebra i Analiz},
    VOLUME = {15},
      YEAR = {2003},
    NUMBER = {6},
     PAGES = {161--215},
      ISSN = {0234-0852},
   MRCLASS = {33D15 (33E05)},
  MRNUMBER = {2044635},
MRREVIEWER = {R. N. Kalia},
       DOI = {10.1090/S1061-0022-04-00839-8},
%       URL = {https://doi.org/10.1090/S1061-0022-04-00839-8},
}


@article{Dolan:2008qi,
    author = "Dolan, F.A. and Osborn, H.",
    title = "{Applications of the Superconformal Index for Protected Operators and q-Hypergeometric Identities to N=1 Dual Theories}",
    eprint = "0801.4947",
    archivePrefix = "arXiv",
    primaryClass = "hep-th",
    reportNumber = "DAMTP-08-07, DIAS-STP-08-02, SHEP-08-06",
    doi = "10.1016/j.nuclphysb.2009.01.028",
    journal = "Nucl. Phys. B",
    volume = "818",
    pages = "137--178",
    year = "2009"
}

@article{Festuccia:2011ws,
    author = "Festuccia, Guido and Seiberg, Nathan",
    title = "{Rigid Supersymmetric Theories in Curved Superspace}",
    eprint = "1105.0689",
    archivePrefix = "arXiv",
    primaryClass = "hep-th",
    doi = "10.1007/JHEP06(2011)114",
    journal = "JHEP",
    volume = "06",
    pages = "114",
    year = "2011"
}

@article{Kinney:2005ej,
    author = "Kinney, Justin and Maldacena, Juan Martin and Minwalla, Shiraz and Raju, Suvrat",
    title = "{An Index for 4 dimensional super conformal theories}",
    eprint = "hep-th/0510251",
    archivePrefix = "arXiv",
    doi = "10.1007/s00220-007-0258-7",
    journal = "Commun. Math. Phys.",
    volume = "275",
    pages = "209--254",
    year = "2007"
}

@article{Romelsberger:2005eg,
    author = "Romelsberger, Christian",
    title = "{Counting chiral primaries in N = 1, d=4 superconformal field theories}",
    eprint = "hep-th/0510060",
    archivePrefix = "arXiv",
    doi = "10.1016/j.nuclphysb.2006.03.037",
    journal = "Nucl. Phys. B",
    volume = "747",
    pages = "329--353",
    year = "2006"
}

@article{Hanany:2005ss,
    author = "Hanany, Amihay and Vegh, David",
    title = "{Quivers, tilings, branes and rhombi}",
    eprint = "hep-th/0511063",
    archivePrefix = "arXiv",
    reportNumber = "MIT-CTP-3702",
    doi = "10.1088/1126-6708/2007/10/029",
    journal = "JHEP",
    volume = "10",
    pages = "029",
    year = "2007"
}

@article{Seiberg:1994pq,
    author = "Seiberg, N.",
    title = "{Electric - magnetic duality in supersymmetric nonAbelian gauge theories}",
    eprint = "hep-th/9411149",
    archivePrefix = "arXiv",
    reportNumber = "RU-94-82, IASSNS-HEP-94-98",
    doi = "10.1016/0550-3213(94)00023-8",
    journal = "Nucl. Phys. B",
    volume = "435",
    pages = "129--146",
    year = "1995"
}

@article{Seiberg:1994bz,
    author = "Seiberg, Nathan",
    title = "{Exact results on the space of vacua of four-dimensional SUSY gauge theories}",
    eprint = "hep-th/9402044",
    archivePrefix = "arXiv",
    reportNumber = "RU-94-18",
    doi = "10.1103/PhysRevD.49.6857",
    journal = "Phys. Rev. D",
    volume = "49",
    pages = "6857--6863",
    year = "1994"
}

@article{Yamazaki:2008bt,
    author = "Yamazaki, Masahito",
    title = "{Brane Tilings and Their Applications}",
    eprint = "0803.4474",
    archivePrefix = "arXiv",
    primaryClass = "hep-th",
    reportNumber = "UT-08-05",
    doi = "10.1002/prop.200810536",
    journal = "Fortsch. Phys.",
    volume = "56",
    pages = "555--686",
    year = "2008"
}

@article{Kennaway:2007tq,
    author = "Kennaway, Kristian D.",
    title = "{Brane Tilings}",
    eprint = "0706.1660",
    archivePrefix = "arXiv",
    primaryClass = "hep-th",
    doi = "10.1142/S0217751X07036877",
    journal = "Int. J. Mod. Phys. A",
    volume = "22",
    pages = "2977--3038",
    year = "2007"
}

@article{Franco:2005rj,
    author = "Franco, Sebastian and Hanany, Amihay and Kennaway, Kristian D. and Vegh, David and Wecht, Brian",
    title = "{Brane dimers and quiver gauge theories}",
    eprint = "hep-th/0504110",
    archivePrefix = "arXiv",
    reportNumber = "MIT-CTP-3619",
    doi = "10.1088/1126-6708/2006/01/096",
    journal = "JHEP",
    volume = "01",
    pages = "096",
    year = "2006"
}

@article{Hanany:2005ve,
    author = "Hanany, Amihay and Kennaway, Kristian D.",
    title = "{Dimer models and toric diagrams}",
    eprint = "hep-th/0503149",
    archivePrefix = "arXiv",
    reportNumber = "MIT-CTP-3613",
    month = "3",
    year = "2005"
}

@article{Atiyah:1984px,
    author = "Atiyah, M.F. and Bott, R.",
    title = "{The Moment map and equivariant cohomology}",
    doi = "10.1016/0040-9383(84)90021-1",
    journal = "Topology",
    volume = "23",
    pages = "1--28",
    year = "1984"
}

@article{Duistermaat:1982vw,
    author = "Duistermaat, J.J. and Heckman, G.J.",
    title = "{On the Variation in the cohomology of the symplectic form of the reduced phase space}",
    doi = "10.1007/BF01399506",
    journal = "Invent. Math.",
    volume = "69",
    pages = "259--268",
    year = "1982"
}

@article{Nekrasov:2003rj,
    author = "Nekrasov, Nikita and Okounkov, Andrei",
    title = "{Seiberg-Witten theory and random partitions}",
    eprint = "hep-th/0306238",
    archivePrefix = "arXiv",
    reportNumber = "ITEP-TH-36-03, PUDM-2003, IHES-P-03-43",
    doi = "10.1007/0-8176-4467-9_15",
    journal = "Prog. Math.",
    volume = "244",
    pages = "525--596",
    year = "2006"
}

@article{Nekrasov:2002qd,
    author = "Nekrasov, Nikita A.",
    title = "{Seiberg-Witten prepotential from instanton counting}",
    eprint = "hep-th/0206161",
    archivePrefix = "arXiv",
    reportNumber = "ITEP-TH-22-02, IHES-P-04-22",
    doi = "10.4310/ATMP.2003.v7.n5.a4",
    journal = "Adv. Theor. Math. Phys.",
    volume = "7",
    number = "5",
    pages = "831--864",
    year = "2003"
}

@inbook{Gukov:2014gja,
    author = "Gukov, Sergei",
    editor = {Teschner, J\"org},
    title = "{Surface Operators}",
    booktitle = "{New Dualities of Supersymmetric Gauge Theories}",
    eprint = "1412.7127",
    archivePrefix = "arXiv",
    primaryClass = "hep-th",
    doi = "10.1007/978-3-319-18769-3_8",
    pages = "223--259",
    year = "2016"
}

@inbook{Okuda:2014fja,
    author = "Okuda, Takuya",
    editor = {Teschner, J\"org},
    title = "{Line operators in supersymmetric gauge theories and the 2d-4d relation}",
    booktitle = "{New Dualities of Supersymmetric Gauge Theories}",
    eprint = "1412.7126",
    archivePrefix = "arXiv",
    primaryClass = "hep-th",
    doi = "10.1007/978-3-319-18769-3_7",
    pages = "195--222",
    year = "2016"
}

@article{LeFloch:2020uop,
    author = "Le Floch, Bruno",
    title = "{A slow review of the AGT correspondence}",
    eprint = "2006.14025",
    archivePrefix = "arXiv",
    primaryClass = "hep-th",
    month = "6",
    year = "2020"
}

@article{Gadde:2013dda,
    author = "Gadde, Abhijit and Gukov, Sergei",
    title = "{2d Index and Surface operators}",
    eprint = "1305.0266",
    archivePrefix = "arXiv",
    primaryClass = "hep-th",
    reportNumber = "CALT-68.2932",
    doi = "10.1007/JHEP03(2014)080",
    journal = "JHEP",
    volume = "03",
    pages = "080",
    year = "2014"
}

@article{Gaiotto:2012xa,
    author = "Gaiotto, Davide and Rastelli, Leonardo and Razamat, Shlomo S.",
    title = "{Bootstrapping the superconformal index with surface defects}",
    eprint = "1207.3577",
    archivePrefix = "arXiv",
    primaryClass = "hep-th",
    doi = "10.1007/JHEP01(2013)022",
    journal = "JHEP",
    volume = "01",
    pages = "022",
    year = "2013"
}

@article{Yamazaki:2013nra,
    author = "Yamazaki, Masahito",
    title = "{New Integrable Models from the Gauge/YBE Correspondence}",
    eprint = "1307.1128",
    archivePrefix = "arXiv",
    primaryClass = "hep-th",
    reportNumber = "IPMU-13-0134",
    doi = "10.1007/s10955-013-0884-8",
    journal = "J. Statist. Phys.",
    volume = "154",
    pages = "895",
    year = "2014"
}

@article{Yamazaki:2012cp,
    author = "Yamazaki, Masahito",
    title = "{Quivers, YBE and 3-manifolds}",
    eprint = "1203.5784",
    archivePrefix = "arXiv",
    primaryClass = "hep-th",
    reportNumber = "PUPT-2406",
    doi = "10.1007/JHEP05(2012)147",
    journal = "JHEP",
    volume = "05",
    pages = "147",
    year = "2012"
}

@article{Spiridonov:2010em,
    author = "Spiridonov, V.P.",
    title = "{Elliptic beta integrals and solvable models of statistical mechanics}",
    eprint = "1011.3798",
    archivePrefix = "arXiv",
    primaryClass = "hep-th",
    journal = "Contemp. Math.",
    volume = "563",
    pages = "181--211",
    year = "2012"
}

@article{Carqueville:2016nqk,
    author = "Carqueville, Nils",
    title = "{Lecture notes on 2-dimensional defect TQFT}",
    eprint = "1607.05747",
    archivePrefix = "arXiv",
    primaryClass = "math.QA",
    doi = "10.4064/bc114-2",
    journal = "Banach Center Publ.",
    volume = "114",
    pages = "49--84",
    year = "2018"
}

@article{Moore:2006dw,
    author = "Moore, Gregory W. and Segal, Graeme",
    title = "{D-branes and K-theory in 2D topological field theory}",
    eprint = "hep-th/0609042",
    archivePrefix = "arXiv",
    reportNumber = "RUNHETC-06-12",
    month = "8",
    year = "2006"
}

@article{Yagi:2016oum,
    author = "Yagi, Junya",
    title = "{Branes and integrable lattice models}",
    eprint = "1610.05584",
    archivePrefix = "arXiv",
    primaryClass = "hep-th",
    doi = "10.1142/S0217732317300038",
    journal = "Mod. Phys. Lett. A",
    volume = "32",
    number = "03",
    pages = "1730003",
    year = "2016"
}

@inproceedings{Witten:1995zh,
    author = "Witten, Edward",
    title = "{Some comments on string dynamics}",
    booktitle = "{STRINGS 95: Future Perspectives in String Theory}",
    eprint = "hep-th/9507121",
    archivePrefix = "arXiv",
    reportNumber = "IASSNS-HEP-95-63",
    pages = "501--523",
    month = "7",
    year = "1995"
}

@book{Hori:2003ic,
    author = "Hori, K. and Katz, S. and Klemm, A. and Pandharipande, R. and Thomas, R. and Vafa, C. and Vakil, R. and Zaslow, E.",
    title = "{Mirror symmetry}",
    publisher = "AMS",
    address = "Providence, USA",
    series = "Clay mathematics monographs",
    volume = "1",
    year = "2003"
}

@article{Turaev:1992hq,
    author = "Turaev, V.G. and Viro, O.Y.",
    title = "{State sum invariants of 3 manifolds and quantum 6j symbols}",
    doi = "10.1016/0040-9383(92)90015-A",
    journal = "Topology",
    volume = "31",
    pages = "865--902",
    year = "1992"
}

@article{Reshetikhin:1991tc,
    author = "Reshetikhin, N. and Turaev, V.G.",
    title = "{Invariants of three manifolds via link polynomials and quantum groups}",
    doi = "10.1007/BF01239527",
    journal = "Invent. Math.",
    volume = "103",
    pages = "547--597",
    year = "1991"
}

@inproceedings{Segal:2002ei,
    author = "Segal, G.",
    title = "{The definition of conformal field theory}",
    booktitle = "{Symposium on Topology, Geometry and Quantum Field Theory}",
    pages = "421--575",
    month = "6",
    year = "2002"
}

@article{Witten:1988hf,
    author = "Witten, Edward",
    editor = "Mitra, Asoke N.",
    title = "{Quantum Field Theory and the Jones Polynomial}",
    reportNumber = "IASSNS-HEP-88-33",
    doi = "10.1007/BF01217730",
    journal = "Commun. Math. Phys.",
    volume = "121",
    pages = "351--399",
    year = "1989"
}

@article{Witten:1988ze,
    author = "Witten, Edward",
    title = "{Topological Quantum Field Theory}",
    reportNumber = "IASSNS-HEP-87-72",
    doi = "10.1007/BF01223371",
    journal = "Commun. Math. Phys.",
    volume = "117",
    pages = "353",
    year = "1988"
}

@article{Witten:1988xj,
    author = "Witten, Edward",
    title = "{Topological Sigma Models}",
    reportNumber = "IASSNS-HEP-88/7",
    doi = "10.1007/BF01466725",
    journal = "Commun. Math. Phys.",
    volume = "118",
    pages = "411",
    year = "1988"
}

@article{Friedan:1986ua,
    author = "Friedan, Daniel and Shenker, Stephen H.",
    title = "{The Analytic Geometry of Two-Dimensional Conformal Field Theory}",
    reportNumber = "EFI-86-18A-CHICAGO",
    doi = "10.1016/0550-3213(87)90418-4",
    journal = "Nucl. Phys. B",
    volume = "281",
    pages = "509--545",
    year = "1987"
}

@article{Belavin:1984vu,
    author = "Belavin, A.A. and Polyakov, Alexander M. and Zamolodchikov, A.B.",
    editor = "Khalatnikov, I.M. and Mineev, V.P.",
    title = "{Infinite Conformal Symmetry in Two-Dimensional Quantum Field Theory}",
    reportNumber = "CERN-TH-3827",
    doi = "10.1016/0550-3213(84)90052-X",
    journal = "Nucl. Phys. B",
    volume = "241",
    pages = "333--380",
    year = "1984"
}

@article{Dai:1994kq,
    author = "Dai, Xian-zhe and Freed, Daniel S.",
    title = "{eta invariants and determinant lines}",
    eprint = "hep-th/9405012",
    archivePrefix = "arXiv",
    doi = "10.1063/1.530747",
    journal = "J. Math. Phys.",
    volume = "35",
    pages = "5155--5194",
    year = "1994",
    note = "[Erratum: J.Math.Phys. 42, 2343--2344 (2001)]"
}

@article{Atiyah:1989vu,
    author = "Atiyah, M.",
    title = "{Topological quantum field theories}",
    doi = "10.1007/BF02698547",
    journal = "Inst. Hautes Etudes Sci. Publ. Math.",
    volume = "68",
    pages = "175--186",
    year = "1989"
}

@article{Yagi:2015lha,
    author = "Yagi, Junya",
    title = "{Quiver gauge theories and integrable lattice models}",
    eprint = "1504.04055",
    archivePrefix = "arXiv",
    primaryClass = "hep-th",
    reportNumber = "SISSA-24-2015-FISI",
    doi = "10.1007/JHEP10(2015)065",
    journal = "JHEP",
    volume = "10",
    pages = "065",
    year = "2015"
}


















@article{Bullimore:2014nla,
    author = "Bullimore, Mathew and Fluder, Martin and Hollands, Lotte and Richmond, Paul",
    title = "{The superconformal index and an elliptic algebra of surface defects}",
    eprint = "1401.3379",
    archivePrefix = "arXiv",
    primaryClass = "hep-th",
    doi = "10.1007/JHEP10(2014)062",
    journal = "JHEP",
    volume = "10",
    pages = "062",
    year = "2014"
}

@article{Maruyoshi:2016caf,
    author = "Maruyoshi, Kazunobu and Yagi, Junya",
    title = "{Surface defects as transfer matrices}",
    eprint = "1606.01041",
    archivePrefix = "arXiv",
    primaryClass = "hep-th",
    reportNumber = "IMPERIAL-TP-16-KM-01",
    doi = "10.1093/ptep/ptw151",
    journal = "PTEP",
    volume = "2016",
    number = "11",
    pages = "113B01",
    year = "2016"
}

@article{Yagi:2017hmj,
    author = "Yagi, Junya",
    title = "{Surface defects and elliptic quantum groups}",
    eprint = "1701.05562",
    archivePrefix = "arXiv",
    primaryClass = "hep-th",
    doi = "10.1007/JHEP06(2017)013",
    journal = "JHEP",
    volume = "06",
    pages = "013",
    year = "2017"
}

@article{Kapustin:2005py,
    author = "Kapustin, Anton",
    title = "{Wilson-'t Hooft operators in four-dimensional gauge theories and S-duality}",
    eprint = "hep-th/0501015",
    archivePrefix = "arXiv",
    reportNumber = "CALT-68-2536",
    doi = "10.1103/PhysRevD.74.025005",
    journal = "Phys. Rev. D",
    volume = "74",
    pages = "025005",
    year = "2006"
}

@article{Pestun:2016zxk,
    author = "Pestun, Vasily and others",
    title = "{Localization techniques in quantum field theories}",
    eprint = "1608.02952",
    archivePrefix = "arXiv",
    primaryClass = "hep-th",
    doi = "10.1088/1751-8121/aa63c1",
    journal = "J. Phys. A",
    volume = "50",
    number = "44",
    pages = "440301",
    year = "2017"
}

@article{Ito:2011ea,
    author = "Ito, Yuto and Okuda, Takuya and Taki, Masato",
    title = "{Line operators on {$S^{1} \times \mathbb{R}^{3}$} and quantization of the Hitchin moduli space}",
    eprint = "1111.4221",
    archivePrefix = "arXiv",
    primaryClass = "hep-th",
    reportNumber = "UT-KOMABA-11-12, YITP-11-96",
    doi = "10.1007/JHEP03(2016)085",
    journal = "JHEP",
    volume = "04",
    pages = "010",
    year = "2012",
    note = "[Erratum: JHEP 03, 085 (2016)]"
}

@article{Alday:2009aq,
    author = "Alday, Luis F. and Gaiotto, Davide and Tachikawa, Yuji",
    title = "{Liouville Correlation Functions from Four-dimensional Gauge Theories}",
    eprint = "0906.3219",
    archivePrefix = "arXiv",
    primaryClass = "hep-th",
    doi = "10.1007/s11005-010-0369-5",
    journal = "Lett. Math. Phys.",
    volume = "91",
    pages = "167--197",
    year = "2010"
}

@article{Wyllard:2009hg,
    author = "Wyllard, Niclas",
    title = "{A(N-1) conformal Toda field theory correlation functions from conformal {$\mathcal{N} = 2$} SU(N) quiver gauge theories}",
    eprint = "0907.2189",
    archivePrefix = "arXiv",
    primaryClass = "hep-th",
    doi = "10.1088/1126-6708/2009/11/002",
    journal = "JHEP",
    volume = "11",
    pages = "002",
    year = "2009"
}

@article{Alday:2009fs,
    author = "Alday, Luis F. and Gaiotto, Davide and Gukov, Sergei and Tachikawa, Yuji and Verlinde, Herman",
    title = "{Loop and surface operators in {$\mathcal{N}=2$} gauge theory and Liouville modular geometry}",
    eprint = "0909.0945",
    archivePrefix = "arXiv",
    primaryClass = "hep-th",
    reportNumber = "CALT-68-2741, PUPT-2311",
    doi = "10.1007/JHEP01(2010)113",
    journal = "JHEP",
    volume = "01",
    pages = "113",
    year = "2010"
}

@article{Drukker:2009id,
    author = "Drukker, Nadav and Gomis, Jaume and Okuda, Takuya and Teschner, Joerg",
    title = "{Gauge Theory Loop Operators and Liouville Theory}",
    eprint = "0909.1105",
    archivePrefix = "arXiv",
    primaryClass = "hep-th",
    reportNumber = "DESY-09-169, HU-EP-09-40, PI-STRINGS-144",
    doi = "10.1007/JHEP02(2010)057",
    journal = "JHEP",
    volume = "02",
    pages = "057",
    year = "2010"
}

@article{Gomis:2010kv,
    author = "Gomis, Jaume and Le Floch, Bruno",
    title = "{'t Hooft Operators in Gauge Theory from Toda CFT}",
    eprint = "1008.4139",
    archivePrefix = "arXiv",
    primaryClass = "hep-th",
    doi = "10.1007/JHEP11(2011)114",
    journal = "JHEP",
    volume = "11",
    pages = "114",
    year = "2011"
}

@article{Verlinde:1988sn,
    author = "Verlinde, Erik P.",
    title = "{Fusion Rules and Modular Transformations in 2D Conformal Field Theory}",
    reportNumber = "THU-88/17",
    doi = "10.1016/0550-3213(88)90603-7",
    journal = "Nucl. Phys. B",
    volume = "300",
    pages = "360--376",
    year = "1988"
}

@article{Costello:2013zra,
    author = "Costello, Kevin",
    title = "{Supersymmetric gauge theory and the Yangian}",
    eprint = "1303.2632",
    archivePrefix = "arXiv",
    primaryClass = "hep-th",
    month = "3",
    year = "2013"
}

@article{Costello:2013sla,
    author = "Costello, Kevin",
    editor = "Donagi, Ron and Douglas, Michael R. and Kamenova, Ljudmila and Rocek, Martin",
    title = "{Integrable lattice models from four-dimensional field theories}",
    eprint = "1308.0370",
    archivePrefix = "arXiv",
    primaryClass = "hep-th",
    doi = "10.1090/pspum/088/01483",
    journal = "Proc. Symp. Pure Math.",
    volume = "88",
    pages = "3--24",
    year = "2014"
}

@article{Costello:2017dso,
    author = "Costello, Kevin and Witten, Edward and Yamazaki, Masahito",
    title = "{Gauge Theory and Integrability, I}",
    eprint = "1709.09993",
    archivePrefix = "arXiv",
    primaryClass = "hep-th",
    reportNumber = "IPMU17-0136",
    doi = "10.4310/ICCM.2018.v6.n1.a6",
    month = "9",
    year = "2017"
}

@article{Costello:2018gyb,
    author = "Costello, Kevin and Witten, Edward and Yamazaki, Masahito",
    title = "{Gauge Theory and Integrability, II}",
    eprint = "1802.01579",
    archivePrefix = "arXiv",
    primaryClass = "hep-th",
    reportNumber = "IPMU18-0025",
    doi = "10.4310/ICCM.2018.v6.n1.a7",
    month = "2",
    year = "2018"
}

@article{Costello:2019tri,
    author = "Costello, Kevin and Yamazaki, Masahito",
    title = "{Gauge Theory And Integrability, III}",
    eprint = "1908.02289",
    archivePrefix = "arXiv",
    primaryClass = "hep-th",
    reportNumber = "IPMU19-0110",
    month = "8",
    year = "2019"
}

@article{Costello:2018txb,
    author = "Costello, Kevin and Yagi, Junya",
    title = "{Unification of integrability in supersymmetric gauge theories}",
    eprint = "1810.01970",
    archivePrefix = "arXiv",
    primaryClass = "hep-th",
    month = "10",
    year = "2018"
}

@inproceedings{Felder:1994be,
    author = "Felder, Giovanni",
    title = "{Elliptic quantum groups}",
    booktitle = "{11th International Conference on Mathematical Physics (ICMP-11) (Satellite colloquia: New Problems in the General Theory of Fields and Particles, Paris, France, 25-28 Jul 1994)}",
    eprint = "hep-th/9412207",
    archivePrefix = "arXiv",
    pages = "211--218",
    month = "7",
    year = "1994"
}

@article{Felder:1994pb,
    author = "Felder, Giovanni",
    title = "{Conformal field theory and integrable systems associated to elliptic curves}",
    eprint = "hep-th/9407154",
    archivePrefix = "arXiv",
    month = "7",
    year = "1994"
}

@article {MR1645196,
    AUTHOR = {Etingof, Pavel and Varchenko, Alexander},
     TITLE = {Solutions of the quantum dynamical {Y}ang-{B}axter equation
              and dynamical quantum groups},
   JOURNAL = {Comm. Math. Phys.},
  FJOURNAL = {Communications in Mathematical Physics},
    VOLUME = {196},
      YEAR = {1998},
    NUMBER = {3},
     PAGES = {591--640},
      ISSN = {0010-3616},
   MRCLASS = {17B37 (17B80 17B81 81R50 82B23)},
  MRNUMBER = {1645196},
       DOI = {10.1007/s002200050437},
%       URL = {https://doi.org/10.1007/s002200050437},
}

@article{Belavin:1981ix,
    author = "Belavin, A.A.",
    title = "{Dynamical Symmetry of Integrable Quantum Systems}",
    doi = "10.1016/0550-3213(81)90414-4",
    journal = "Nucl. Phys. B",
    volume = "180",
    pages = "189--200",
    year = "1981"
}

@article{Baxter:1971cr,
    author = "Baxter, R.J.",
    title = "{Eight-Vertex Model in Lattice Statistics}",
    doi = "10.1103/PhysRevLett.26.832",
    journal = "Phys. Rev. Lett.",
    volume = "26",
    pages = "832--833",
    year = "1971"
}

@article{Baxter:1972hz,
    author = "Baxter, Rodney J.",
    title = "{Partition function of the eight vertex lattice model}",
    doi = "10.1016/0003-4916(72)90335-1",
    journal = "Annals Phys.",
    volume = "70",
    pages = "193--228",
    year = "1972"
}

@article {MR1463830,
    AUTHOR = {Hasegawa, Koji},
     TITLE = {Ruijsenaars' commuting difference operators as commuting
              transfer matrices},
   JOURNAL = {Comm. Math. Phys.},
  FJOURNAL = {Communications in Mathematical Physics},
    VOLUME = {187},
      YEAR = {1997},
    NUMBER = {2},
     PAGES = {289--325},
      ISSN = {0010-3616},
   MRCLASS = {82B23 (17B37 39A70 81R10 81R50)},
  MRNUMBER = {1463830},
MRREVIEWER = {Rinat Kedem},
       DOI = {10.1007/s002200050137},
%       URL = {https://doi.org/10.1007/s002200050137},
}

@article{Baxter:1972wf,
    author = "Baxter, Rodney J.",
    title = "{Eight vertex model in lattice statistics and one-dimensional anisotropic Heisenberg chain. 2. Equivalence to a generalized ice-type lattice model}",
    doi = "10.1016/0003-4916(73)90440-5",
    journal = "Annals Phys.",
    volume = "76",
    pages = "25--47",
    year = "1973"
}

@article {MR908997,
    AUTHOR = {Jimbo, Michio and Miwa, Tetsuji and Okado, Masato},
     TITLE = {Solvable lattice models whose states are dominant integral
              weights of {$A^{(1)}_{n-1}$}},
   JOURNAL = {Lett. Math. Phys.},
  FJOURNAL = {Letters in Mathematical Physics. A Journal for the Rapid
              Dissemination of Short Contributions in the Field of
              Mathematical Physics},
    VOLUME = {14},
      YEAR = {1987},
    NUMBER = {2},
     PAGES = {123--131},
      ISSN = {0377-9017},
   MRCLASS = {82A69 (17B67 82A68)},
  MRNUMBER = {908997},
MRREVIEWER = {F. W. Nijhoff},
       DOI = {10.1007/BF00420302},
%       URL = {https://doi.org/10.1007/BF00420302},
}

@article{Jimbo:1987mu,
    author = "Jimbo, Michio and Miwa, Tetsuji and Okado, Masato",
    title = "{Local state probabilities of solvable
  lattice models: an {$A^{(1)}_{n-1}$} family}",
    reportNumber = "RIMS-594",
    doi = "10.1016/0550-3213(88)90587-1",
    journal = "Nucl. Phys. B",
    volume = "300",
    pages = "74--108",
    year = "1988"
}

@article{Bazhanov:2010kz,
    author = "Bazhanov, Vladimir V. and Sergeev, Sergey M.",
    title = "{A Master solution of the quantum Yang-Baxter equation and classical discrete integrable equations}",
    eprint = "1006.0651",
    archivePrefix = "arXiv",
    primaryClass = "math-ph",
    doi = "10.4310/ATMP.2012.v16.n1.a3",
    journal = "Adv. Theor. Math. Phys.",
    volume = "16",
    number = "1",
    pages = "65--95",
    year = "2012"
}

@article{Bazhanov:2011mz,
    author = "Bazhanov, Vladimir V. and Sergeev, Sergey M.",
    title = "{Elliptic gamma-function and multi-spin solutions of the Yang-Baxter equation}",
    eprint = "1106.5874",
    archivePrefix = "arXiv",
    primaryClass = "math-ph",
    doi = "10.1016/j.nuclphysb.2011.10.032",
    journal = "Nucl. Phys. B",
    volume = "856",
    pages = "475--496",
    year = "2012"
}

@article{Brennan:2018yuj,
    author = "Brennan, T. Daniel and Dey, Anindya and Moore, Gregory W.",
    title = "{On 't Hooft defects, monopole bubbling and supersymmetric quantum mechanics}",
    eprint = "1801.01986",
    archivePrefix = "arXiv",
    primaryClass = "hep-th",
    doi = "10.1007/JHEP09(2018)014",
    journal = "JHEP",
    volume = "09",
    pages = "014",
    year = "2018"
}

@article{Brennan:2018moe,
    author = "Brennan, T. Daniel",
    title = "{Monopole Bubbling via String Theory}",
    eprint = "1806.00024",
    archivePrefix = "arXiv",
    primaryClass = "hep-th",
    doi = "10.1007/JHEP11(2018)126",
    journal = "JHEP",
    volume = "11",
    pages = "126",
    year = "2018"
}

@article{Brennan:2018rcn,
    author = "Brennan, T. Daniel and Dey, Anindya and Moore, Gregory W.",
    title = "{'t Hooft defects and wall crossing in SQM}",
    eprint = "1810.07191",
    archivePrefix = "arXiv",
    primaryClass = "hep-th",
    doi = "10.1007/JHEP10(2019)173",
    journal = "JHEP",
    volume = "10",
    pages = "173",
    year = "2019"
}

@article{Assel:2019iae,
    author = "Assel, Benjamin and Sciarappa, Antonio",
    title = "{On monopole bubbling contributions to 't Hooft loops}",
    eprint = "1903.00376",
    archivePrefix = "arXiv",
    primaryClass = "hep-th",
    reportNumber = "KIAS-P19013, CERN-TH-2019-022",
    doi = "10.1007/JHEP05(2019)180",
    journal = "JHEP",
    volume = "05",
    pages = "180",
    year = "2019"
}

@article{Ruijsenaars:1986pp,
    author = "Ruijsenaars, S.N.M.",
    title = "{Complete Integrability of Relativistic Calogero-moser Systems and Elliptic Function Identities}",
    reportNumber = "MPI-PAE/PTh 26/86",
    doi = "10.1007/BF01207363",
    journal = "Commun. Math. Phys.",
    volume = "110",
    pages = "191",
    year = "1987"
}

@article{Hayashi:2019rpw,
    author = "Hayashi, Hirotaka and Okuda, Takuya and Yoshida, Yutaka",
    title = "{Wall-crossing and operator ordering for 't Hooft operators in $ \mathcal{N} = 2$ gauge theories}",
    eprint = "1905.11305",
    archivePrefix = "arXiv",
    primaryClass = "hep-th",
    reportNumber = "UT-Komaba-19-2, IPMU19-0058",
    doi = "10.1007/JHEP11(2019)116",
    journal = "JHEP",
    volume = "11",
    pages = "116",
    year = "2019"
}

@article{Gaiotto:2009we,
    author = "Gaiotto, Davide",
    title = "{$N=2$ dualities}",
    eprint = "0904.2715",
    archivePrefix = "arXiv",
    primaryClass = "hep-th",
    doi = "10.1007/JHEP08(2012)034",
    journal = "JHEP",
    volume = "08",
    pages = "034",
    year = "2012"
}

@article{Gaiotto:2009hg,
    author = "Gaiotto, Davide and Moore, Gregory W. and Neitzke, Andrew",
    title = "{Wall-crossing, Hitchin Systems, and the WKB Approximation}",
    eprint = "0907.3987",
    archivePrefix = "arXiv",
    primaryClass = "hep-th",
    month = "7",
    year = "2009"
}

@article{Witten:1997sc,
    author = "Witten, Edward",
    title = "{Solutions of four-dimensional field theories via $M$ theory}",
    eprint = "hep-th/9703166",
    archivePrefix = "arXiv",
    reportNumber = "IASSNS-HEP-97-19",
    doi = "10.1016/S0550-3213(97)00416-1",
    journal = "Nucl. Phys. B",
    volume = "500",
    pages = "3--42",
    year = "1997"
}

@article{Yagi:2014toa,
    author = "Yagi, Junya",
    title = "{$\Omega$-deformation and quantization}",
    eprint = "1405.6714",
    archivePrefix = "arXiv",
    primaryClass = "hep-th",
    reportNumber = "SISSA-31-2014-FISI",
    doi = "10.1007/JHEP08(2014)112",
    journal = "JHEP",
    volume = "08",
    pages = "112",
    year = "2014"
}



















%%%%%%%%%%%%%%%%%%%%%%%%% Master's thesis 2018 %%%%%%%%%%%%%%%%%%%%%%%%%

@article{Ryu:2006bv,
      author         = "Ryu, Shinsei and Takayanagi, Tadashi",
      title          = "{Holographic derivation of entanglement entropy from
                        AdS/CFT}",
      journal        = "Phys. Rev. Lett.",
      volume         = "96",
      year           = "2006",
      pages          = "181602",
      doi            = "10.1103/PhysRevLett.96.181602",
      eprint         = "hep-th/0603001",
      archivePrefix  = "arXiv",
      primaryClass   = "hep-th",
      reportNumber   = "NSF-KITP-06-11",
      SLACcitation   = "%%CITATION = HEP-TH/0603001;%%"
}

@article{Swingle:2009bg,
      author         = "Swingle, Brian",
      title          = "{Entanglement Renormalization and Holography}",
      journal        = "Phys. Rev.",
      volume         = "D86",
      year           = "2012",
      pages          = "065007",
      doi            = "10.1103/PhysRevD.86.065007",
      eprint         = "0905.1317",
      archivePrefix  = "arXiv",
      primaryClass   = "cond-mat.str-el",
      SLACcitation   = "%%CITATION = ARXIV:0905.1317;%%"
}

@article{Zayas:2010fs,
      author         = "Pando Zayas, Leopoldo A. and Terrero-Escalante, Cesar A.",
      title          = "{Chaos in the Gauge / Gravity Correspondence}",
      journal        = "JHEP",
      volume         = "09",
      year           = "2010",
      pages          = "094",
      doi            = "10.1007/JHEP09(2010)094",
      eprint         = "1007.0277",
      archivePrefix  = "arXiv",
      primaryClass   = "hep-th",
      reportNumber   = "MCTP-10-17",
      SLACcitation   = "%%CITATION = ARXIV:1007.0277;%%"
}

@article{Basu:2011di,
      author         = "Basu, Pallab and Pando Zayas, Leopoldo A.",
      title          = "{Chaos rules out integrability of strings on AdS$_5
                        \times T^{1,1}$}",
      journal        = "Phys. Lett.",
      volume         = "B700",
      year           = "2011",
      pages          = "243-248",
      doi            = "10.1016/j.physletb.2011.04.063",
      eprint         = "1103.4107",
      archivePrefix  = "arXiv",
      primaryClass   = "hep-th",
      reportNumber   = "MCTP-11-12",
      SLACcitation   = "%%CITATION = ARXIV:1103.4107;%%"
}

@article{Basu:2011fw,
      author         = "Basu, Pallab and Pando Zayas, Leopoldo A.",
      title          = "{Analytic Non-integrability in String Theory}",
      journal        = "Phys. Rev.",
      volume         = "D84",
      year           = "2011",
      pages          = "046006",
      doi            = "10.1103/PhysRevD.84.046006",
      eprint         = "1105.2540",
      archivePrefix  = "arXiv",
      primaryClass   = "hep-th",
      reportNumber   = "MCTP-11-19",
      SLACcitation   = "%%CITATION = ARXIV:1105.2540;%%"
}

@article{Asano:2015qwa,
      author         = "Asano, Yuhma and Kawai, Daisuke and Kyono, Hideki and
                        Yoshida, Kentaroh",
      title          = "{Chaotic strings in a near Penrose limit of AdS$_{5}
                        \times$ T$^{1,1}$}",
      journal        = "JHEP",
      volume         = "08",
      year           = "2015",
      pages          = "060",
      doi            = "10.1007/JHEP08(2015)060",
      eprint         = "1505.07583",
      archivePrefix  = "arXiv",
      primaryClass   = "hep-th",
      reportNumber   = "DIAS-STP-15-03, KUNS-2564",
      SLACcitation   = "%%CITATION = ARXIV:1505.07583;%%"
}

@article{Sekino:2008he,
      author         = "Sekino, Yasuhiro and Susskind, Leonard",
      title          = "{Fast Scramblers}",
      journal        = "JHEP",
      volume         = "10",
      year           = "2008",
      pages          = "065",
      doi            = "10.1088/1126-6708/2008/10/065",
      eprint         = "0808.2096",
      archivePrefix  = "arXiv",
      primaryClass   = "hep-th",
      reportNumber   = "SU-ITP-08-18, OIQP-08-08",
      SLACcitation   = "%%CITATION = ARXIV:0808.2096;%%"
}

@book{Arnold:80,
author = "Arnold, Vladimir",
title = "Mathematical Methods of Classical Mechanics",
publisher = "Springer",
year = "1980",
%volume = "",
%series = ""
}

@article{Biro:1994bi,
      author         = "Biro, T. S. and Matinyan, Sergei G. and Muller, Berndt",
      title          = "{Chaos and gauge field theory}",
      journal        = "World Sci. Lect. Notes Phys.",
      volume         = "56",
      year           = "1994",
      pages          = "1-288",
      SLACcitation   = "%%CITATION = 00327,56,1;%%"
}

@article{Henon:1964rbu,
      author         = "Henon, Michel and Heiles, Carl",
      title          = "{The Applicability of the Third Integral of Motion: Some
                        Numerical Experiments}",
      journal        = "Astron. J.",
      volume         = "69",
      year           = "1964",
      pages          = "73-79",
      doi            = "10.1086/109234",
      SLACcitation   = "%%CITATION = ANJOA,69,73;%%"
}

@article{Matinyan:2005cm,
      author         = "Matinyan, Sergei G. and Muller, Berndt",
      title          = "{Adventures of the coupled Yang-Mills oscillators: I.
                        Semiclassical expansion}",
      journal        = "J. Phys.",
      volume         = "A39",
      year           = "2006",
      pages          = "45-60",
      doi            = "10.1088/0305-4470/39/1/004",
      eprint         = "quant-ph/0506214",
      archivePrefix  = "arXiv",
      primaryClass   = "quant-ph",
      SLACcitation   = "%%CITATION = QUANT-PH/0506214;%%"
}

@article{Matinyan:2005hp,
      author         = "Matinyan, Sergei G. and Muller, Berndt",
      title          = "{Adventures of the coupled Yang-Mills oscillators. II.
                        YM-Higgs quantum mechanics}",
      journal        = "J. Phys.",
      volume         = "A39",
      year           = "2006",
      pages          = "61-72",
      doi            = "10.1088/0305-4470/39/1/005",
      eprint         = "quant-ph/0506239",
      archivePrefix  = "arXiv",
      primaryClass   = "quant-ph",
      SLACcitation   = "%%CITATION = QUANT-PH/0506239;%%"
}

@article{Hashimoto:2016wme,
      author         = "Hashimoto, Koji and Murata, Keiju and Yoshida, Kentaroh",
      title          = "{Chaos in chiral condensates in gauge theories}",
      journal        = "Phys. Rev. Lett.",
      volume         = "117",
      year           = "2016",
      number         = "23",
      pages          = "231602",
      doi            = "10.1103/PhysRevLett.117.231602",
      eprint         = "1605.08124",
      archivePrefix  = "arXiv",
      primaryClass   = "hep-th",
      reportNumber   = "OU-HET-896, KUNS-2628",
      SLACcitation   = "%%CITATION = ARXIV:1605.08124;%%"
}

@article{Maldacena:1997re,
      author         = "Maldacena, Juan Martin",
      title          = "{The Large N limit of superconformal field theories and
                        supergravity}",
      journal        = "Int. J. Theor. Phys.",
      volume         = "38",
      year           = "1999",
      pages          = "1113-1133",
      doi            = "10.1023/A:1026654312961",
      note           = "[Adv. Theor. Math. Phys.2,231(1998)]",
      eprint         = "hep-th/9711200",
      archivePrefix  = "arXiv",
      primaryClass   = "hep-th",
      reportNumber   = "HUTP-97-A097, HUTP-98-A097",
      SLACcitation   = "%%CITATION = HEP-TH/9711200;%%"
}

@article{Karch:2002sh,
      author         = "Karch, Andreas and Katz, Emanuel",
      title          = "{Adding flavor to AdS / CFT}",
      journal        = "JHEP",
      volume         = "06",
      year           = "2002",
      pages          = "043",
      doi            = "10.1088/1126-6708/2002/06/043",
      eprint         = "hep-th/0205236",
      archivePrefix  = "arXiv",
      primaryClass   = "hep-th",
      reportNumber   = "UW-PT-02-10",
      SLACcitation   = "%%CITATION = HEP-TH/0205236;%%"
}

@article{Myers:1999ps,
      author         = "Myers, Robert C.",
      title          = "{Dielectric branes}",
      journal        = "JHEP",
      volume         = "12",
      year           = "1999",
      pages          = "022",
      doi            = "10.1088/1126-6708/1999/12/022",
      eprint         = "hep-th/9910053",
      archivePrefix  = "arXiv",
      primaryClass   = "hep-th",
      reportNumber   = "MCGILL-99-27, NSF-ITP-99-113",
      SLACcitation   = "%%CITATION = HEP-TH/9910053;%%"
}

@article{Tseytlin:1997csa,
      author         = "Tseytlin, Arkady A.",
      title          = "{On nonAbelian generalization of Born-Infeld action in
                        string theory}",
      journal        = "Nucl. Phys.",
      volume         = "B501",
      year           = "1997",
      pages          = "41-52",
      doi            = "10.1016/S0550-3213(97)00354-4",
      eprint         = "hep-th/9701125",
      archivePrefix  = "arXiv",
      primaryClass   = "hep-th",
      reportNumber   = "CERN-TH-97-009, CERN-TH-97-09, CERN-TH-97-9,
                        IMPERIAL-TP-96-97-17",
      SLACcitation   = "%%CITATION = HEP-TH/9701125;%%"
}

@article{Tseytlin:1999dj,
      author         = "Tseytlin, Arkady A.",
      title          = "{Born-Infeld action, supersymmetry and string theory}",
      year           = "1999",
      doi            = "10.1142/9789812793850_0025",
      eprint         = "hep-th/9908105",
      archivePrefix  = "arXiv",
      primaryClass   = "hep-th",
      reportNumber   = "IMPERIAL-TP-98-99-67",
      SLACcitation   = "%%CITATION = HEP-TH/9908105;%%"
}

@article{Kruczenski:2003be,
      author         = "Kruczenski, Martin and Mateos, David and Myers, Robert C.
                        and Winters, David J.",
      title          = "{Meson spectroscopy in AdS / CFT with flavor}",
      journal        = "JHEP",
      volume         = "07",
      year           = "2003",
      pages          = "049",
      doi            = "10.1088/1126-6708/2003/07/049",
      eprint         = "hep-th/0304032",
      archivePrefix  = "arXiv",
      primaryClass   = "hep-th",
      SLACcitation   = "%%CITATION = HEP-TH/0304032;%%"
}

@article{Klebanov:1999tb,
      author         = "Klebanov, Igor R. and Witten, Edward",
      title          = "{AdS / CFT correspondence and symmetry breaking}",
      journal        = "Nucl. Phys.",
      volume         = "B556",
      year           = "1999",
      pages          = "89-114",
      doi            = "10.1016/S0550-3213(99)00387-9",
      eprint         = "hep-th/9905104",
      archivePrefix  = "arXiv",
      primaryClass   = "hep-th",
      reportNumber   = "PUPT-1863, IASSNS-HEP-99-49",
      SLACcitation   = "%%CITATION = HEP-TH/9905104;%%"
}

@article{tHooft:1993dmi,
      author         = "'t Hooft, Gerard",
      title          = "{Dimensional reduction in quantum gravity}",
      booktitle      = "{Conference on Highlights of Particle and Condensed
                        Matter Physics (SALAMFEST) Trieste, Italy, March 8-12,
                        1993}",
      journal        = "Conf. Proc.",
      volume         = "C930308",
      year           = "1993",
      pages          = "284-296",
      eprint         = "gr-qc/9310026",
      archivePrefix  = "arXiv",
      primaryClass   = "gr-qc",
      reportNumber   = "THU-93-26",
      SLACcitation   = "%%CITATION = GR-QC/9310026;%%"
}

@article{Susskind:1994vu,
      author         = "Susskind, Leonard",
      title          = "{The World as a hologram}",
      journal        = "J. Math. Phys.",
      volume         = "36",
      year           = "1995",
      pages          = "6377-6396",
      doi            = "10.1063/1.531249",
      eprint         = "hep-th/9409089",
      archivePrefix  = "arXiv",
      primaryClass   = "hep-th",
      reportNumber   = "SU-ITP-94-33",
      SLACcitation   = "%%CITATION = HEP-TH/9409089;%%"
}

@article{Gubser:1998bc,
      author         = "Gubser, S. S. and Klebanov, Igor R. and Polyakov,
                        Alexander M.",
      title          = "{Gauge theory correlators from noncritical string
                        theory}",
      journal        = "Phys. Lett.",
      volume         = "B428",
      year           = "1998",
      pages          = "105-114",
      doi            = "10.1016/S0370-2693(98)00377-3",
      eprint         = "hep-th/9802109",
      archivePrefix  = "arXiv",
      primaryClass   = "hep-th",
      reportNumber   = "PUPT-1767",
      SLACcitation   = "%%CITATION = HEP-TH/9802109;%%"
}

@article{Witten:1998qj,
      author         = "Witten, Edward",
      title          = "{Anti-de Sitter space and holography}",
      journal        = "Adv. Theor. Math. Phys.",
      volume         = "2",
      year           = "1998",
      pages          = "253-291",
      eprint         = "hep-th/9802150",
      archivePrefix  = "arXiv",
      primaryClass   = "hep-th",
      reportNumber   = "IASSNS-HEP-98-15",
      SLACcitation   = "%%CITATION = HEP-TH/9802150;%%"
}

@article{Aharony:1999ti,
      author         = "Aharony, Ofer and Gubser, Steven S. and Maldacena, Juan
                        Martin and Ooguri, Hirosi and Oz, Yaron",
      title          = "{Large N field theories, string theory and gravity}",
      journal        = "Phys. Rept.",
      volume         = "323",
      year           = "2000",
      pages          = "183-386",
      doi            = "10.1016/S0370-1573(99)00083-6",
      eprint         = "hep-th/9905111",
      archivePrefix  = "arXiv",
      primaryClass   = "hep-th",
      reportNumber   = "CERN-TH-99-122, HUTP-99-A027, LBNL-43113, RU-99-18,
                        UCB-PTH-99-16, LBL-43113",
      SLACcitation   = "%%CITATION = HEP-TH/9905111;%%"
}

@book{Ammon:2015wua,
      author         = "Ammon, Martin and Erdmenger, Johanna",
      title          = "{Gauge/gravity duality}",
      publisher      = "Cambridge University Press",
      year           = "2015",
      url            = "http://www.cambridge.org/de/academic/subjects/physics/theoretical-physics-and-mathematical-physics/gaugegravity-duality-foundations-and-applications",
      ISBN           = "9781107010345",
      SLACcitation   = "%%CITATION = INSPIRE-1376202;%%"
}

@article{Bekenstein:1973ur,
      author         = "Bekenstein, Jacob D.",
      title          = "{Black holes and entropy}",
      journal        = "Phys. Rev.",
      volume         = "D7",
      year           = "1973",
      pages          = "2333-2346",
      doi            = "10.1103/PhysRevD.7.2333",
      SLACcitation   = "%%CITATION = PHRVA,D7,2333;%%"
}

@article{Hawking:1974rv,
      author         = "Hawking, S. W.",
      title          = "{Black hole explosions}",
      journal        = "Nature",
      volume         = "248",
      year           = "1974",
      pages          = "30-31",
      doi            = "10.1038/248030a0",
      SLACcitation   = "%%CITATION = NATUA,248,30;%%"
}

@article{Hawking:1974sw,
      author         = "Hawking, S. W.",
      title          = "{Particle Creation by Black Holes}",
      booktitle      = "{In *Gibbons, G.W. (ed.), Hawking, S.W. (ed.): Euclidean
                        quantum gravity* 167-188}",
      journal        = "Commun. Math. Phys.",
      volume         = "43",
      year           = "1975",
      pages          = "199-220",
      doi            = "10.1007/BF02345020",
      note           = "[,167(1975)]",
      SLACcitation   = "%%CITATION = CMPHA,43,199;%%"
}

@book{Polchinski:1998rq,
      author         = "Polchinski, J.",
      title          = "{String theory. Vol. 1: An introduction to the bosonic
                        string}",
      publisher      = "Cambridge University Press",
      year           = "2007",
      ISBN           = "9780511252273, 9780521672276, 9780521633031",
      SLACcitation   = "%%CITATION = INSPIRE-487240;%%"
}

@book{Polchinski:1998rr,
      author         = "Polchinski, J.",
      title          = "{String theory. Vol. 2: Superstring theory and beyond}",
      publisher      = "Cambridge University Press",
      year           = "2007",
      ISBN           = "9780511252280, 9780521633048, 9780521672283",
      SLACcitation   = "%%CITATION = INSPIRE-487241;%%"
}

@book{Becker:2007zj,
      author         = "Becker, K. and Becker, M. and Schwarz, J. H.",
      title          = "{String theory and M-theory: A modern introduction}",
      publisher      = "Cambridge University Press",
      year           = "2006",
      ISBN           = "9780511254864, 9780521860697",
      SLACcitation   = "%%CITATION = INSPIRE-744404;%%"
}

@article{tHooft:1973alw,
      author         = "'t Hooft, Gerard",
      title          = "{A Planar Diagram Theory for Strong Interactions}",
      journal        = "Nucl. Phys.",
      volume         = "B72",
      year           = "1974",
      pages          = "461",
      doi            = "10.1016/0550-3213(74)90154-0",
      reportNumber   = "CERN-TH-1786",
      SLACcitation   = "%%CITATION = NUPHA,B72,461;%%"
}

@article{Polchinski:1995mt,
      author         = "Polchinski, Joseph",
      title          = "{Dirichlet Branes and Ramond-Ramond charges}",
      journal        = "Phys. Rev. Lett.",
      volume         = "75",
      year           = "1995",
      pages          = "4724-4727",
      doi            = "10.1103/PhysRevLett.75.4724",
      eprint         = "hep-th/9510017",
      archivePrefix  = "arXiv",
      primaryClass   = "hep-th",
      reportNumber   = "NSF-ITP-95-122",
      SLACcitation   = "%%CITATION = HEP-TH/9510017;%%"
}

@article{Fradkin:1985qd,
      author         = "Fradkin, E. S. and Tseytlin, Arkady A.",
      title          = "{Nonlinear Electrodynamics from Quantized Strings}",
      journal        = "Phys. Lett.",
      volume         = "163B",
      year           = "1985",
      pages          = "123-130",
      doi            = "10.1016/0370-2693(85)90205-9",
      reportNumber   = "LEBEDEV-85-193",
      SLACcitation   = "%%CITATION = PHLTA,163B,123;%%"
}

@article{Leigh:1989jq,
      author         = "Leigh, R. G.",
      title          = "{Dirac-Born-Infeld Action from Dirichlet Sigma Model}",
      journal        = "Mod. Phys. Lett.",
      volume         = "A4",
      year           = "1989",
      pages          = "2767",
      doi            = "10.1142/S0217732389003099",
      reportNumber   = "UTTG-31-89",
      SLACcitation   = "%%CITATION = MPLAE,A4,2767;%%"
}

@article{Erdmenger:2007cm,
      author         = "Erdmenger, Johanna and Evans, Nick and Kirsch, Ingo and
                        Threlfall, Ed",
      title          = "{Mesons in Gauge/Gravity Duals - A Review}",
      journal        = "Eur. Phys. J.",
      volume         = "A35",
      year           = "2008",
      pages          = "81-133",
      doi            = "10.1140/epja/i2007-10540-1",
      eprint         = "0711.4467",
      archivePrefix  = "arXiv",
      primaryClass   = "hep-th",
      reportNumber   = "MPP-2007-168, SHEP-07-45, NI-07-071",
      SLACcitation   = "%%CITATION = ARXIV:0711.4467;%%"
}

@article{Brink:1976bc,
      author         = "Brink, Lars and Schwarz, John H. and Scherk, Joel",
      title          = "{Supersymmetric Yang-Mills Theories}",
      journal        = "Nucl. Phys.",
      volume         = "B121",
      year           = "1977",
      pages          = "77-92",
      doi            = "10.1016/0550-3213(77)90328-5",
      reportNumber   = "CALT-68-574",
      SLACcitation   = "%%CITATION = NUPHA,B121,77;%%"
}

@article{Kruczenski:2003uq,
      author         = "Kruczenski, Martin and Mateos, David and Myers, Robert C.
                        and Winters, David J.",
      title          = "{Towards a holographic dual of large N(c) QCD}",
      journal        = "JHEP",
      volume         = "05",
      year           = "2004",
      pages          = "041",
      doi            = "10.1088/1126-6708/2004/05/041",
      eprint         = "hep-th/0311270",
      archivePrefix  = "arXiv",
      primaryClass   = "hep-th",
      SLACcitation   = "%%CITATION = HEP-TH/0311270;%%"
}

@article{Witten:1998zw,
      author         = "Witten, Edward",
      title          = "{Anti-de Sitter space, thermal phase transition, and
                        confinement in gauge theories}",
      journal        = "Adv. Theor. Math. Phys.",
      volume         = "2",
      year           = "1998",
      pages          = "505-532",
      eprint         = "hep-th/9803131",
      archivePrefix  = "arXiv",
      primaryClass   = "hep-th",
      reportNumber   = "IASSNS-HEP-98-21",
      SLACcitation   = "%%CITATION = HEP-TH/9803131;%%"
}

@article{Maldacena:1998im,
      author         = "Maldacena, Juan Martin",
      title          = "{Wilson loops in large N field theories}",
      journal        = "Phys. Rev. Lett.",
      volume         = "80",
      year           = "1998",
      pages          = "4859-4862",
      doi            = "10.1103/PhysRevLett.80.4859",
      eprint         = "hep-th/9803002",
      archivePrefix  = "arXiv",
      primaryClass   = "hep-th",
      reportNumber   = "HUTP-98-A014",
      SLACcitation   = "%%CITATION = HEP-TH/9803002;%%"
}

@article{Ishii:2016rlk,
      author         = "Ishii, Takaaki and Murata, Keiju and Yoshida, Kentaroh",
      title          = "{Fate of chaotic strings in a confining geometry}",
      journal        = "Phys. Rev.",
      volume         = "D95",
      year           = "2017",
      number         = "6",
      pages          = "066019",
      doi            = "10.1103/PhysRevD.95.066019",
      eprint         = "1610.05833",
      archivePrefix  = "arXiv",
      primaryClass   = "hep-th",
      SLACcitation   = "%%CITATION = ARXIV:1610.05833;%%"
}

@article{Sakai:2004cn,
      author         = "Sakai, Tadakatsu and Sugimoto, Shigeki",
      title          = "{Low energy hadron physics in holographic QCD}",
      journal        = "Prog. Theor. Phys.",
      volume         = "113",
      year           = "2005",
      pages          = "843-882",
      doi            = "10.1143/PTP.113.843",
      eprint         = "hep-th/0412141",
      archivePrefix  = "arXiv",
      primaryClass   = "hep-th",
      reportNumber   = "IU-MSTP-63, YITP-04-70",
      SLACcitation   = "%%CITATION = HEP-TH/0412141;%%"
}

@article{Sakai:2005yt,
      author         = "Sakai, Tadakatsu and Sugimoto, Shigeki",
      title          = "{More on a holographic dual of QCD}",
      journal        = "Prog. Theor. Phys.",
      volume         = "114",
      year           = "2005",
      pages          = "1083-1118",
      doi            = "10.1143/PTP.114.1083",
      eprint         = "hep-th/0507073",
      archivePrefix  = "arXiv",
      primaryClass   = "hep-th",
      reportNumber   = "YITP-05-36, IU-MSTP-71",
      SLACcitation   = "%%CITATION = HEP-TH/0507073;%%"
}

@article{Aharony:2008an,
      author         = "Aharony, Ofer and Kutasov, David",
      title          = "{Holographic Duals of Long Open Strings}",
      journal        = "Phys. Rev.",
      volume         = "D78",
      year           = "2008",
      pages          = "026005",
      doi            = "10.1103/PhysRevD.78.026005",
      eprint         = "0803.3547",
      archivePrefix  = "arXiv",
      primaryClass   = "hep-th",
      reportNumber   = "WIS-06-08-MAR-DPP",
      SLACcitation   = "%%CITATION = ARXIV:0803.3547;%%"
}

@article{Hashimoto:2008sr,
      author         = "Hashimoto, Koji and Hirayama, Takayuki and Lin, Feng-Li
                        and Yee, Ho-Ung",
      title          = "{Quark Mass Deformation of Holographic Massless QCD}",
      journal        = "JHEP",
      volume         = "07",
      year           = "2008",
      pages          = "089",
      doi            = "10.1088/1126-6708/2008/07/089",
      eprint         = "0803.4192",
      archivePrefix  = "arXiv",
      primaryClass   = "hep-th",
      reportNumber   = "IC-2008-011, RIKEN-TH-126",
      SLACcitation   = "%%CITATION = ARXIV:0803.4192;%%"
}

@article{Larkin:1969,
      author         = "Larkin, Anatoly and Ovchinnikov, Yuri",
      title          = "{Quasiclassical method in the theory of superconductivity}",
      journal        = "JETP",
      volume         = "28",
      year           = "1969",
      pages          = "1200",
%      doi            = "10.1088/1126-6708/2008/07/089",
%      eprint         = "0803.4192",
%      archivePrefix  = "arXiv",
%      primaryClass   = "hep-th",
%      reportNumber   = "IC-2008-011, RIKEN-TH-126",
%      SLACcitation   = "%%CITATION = ARXIV:0803.4192;%%"
}

@unpublished{Kitaev:2014,
      author         = "Kitaev, Alexei",
      title          = "{Hidden Correlators in the Hawking Radiation and Thermal Noise}",
      note           = "talk given at Fundamental Physics Prize Symposium",
      month          = "Nov. 10",
      year           = "2014",
%      pages          = "1200",
%      doi            = "10.1088/1126-6708/2008/07/089",
%      eprint         = "0803.4192",
%      archivePrefix  = "arXiv",
%      primaryClass   = "hep-th",
%      reportNumber   = "IC-2008-011, RIKEN-TH-126",
%      SLACcitation   = "%%CITATION = ARXIV:0803.4192;%%"
}

@article{Shenker:2013pqa,
      author         = "Shenker, Stephen H. and Stanford, Douglas",
      title          = "{Black holes and the butterfly effect}",
      journal        = "JHEP",
      volume         = "03",
      year           = "2014",
      pages          = "067",
      doi            = "10.1007/JHEP03(2014)067",
      eprint         = "1306.0622",
      archivePrefix  = "arXiv",
      primaryClass   = "hep-th",
      reportNumber   = "SU-ITP-13-08",
      SLACcitation   = "%%CITATION = ARXIV:1306.0622;%%"
}

@article{Shenker:2014cwa,
      author         = "Shenker, Stephen H. and Stanford, Douglas",
      title          = "{Stringy effects in scrambling}",
      journal        = "JHEP",
      volume         = "05",
      year           = "2015",
      pages          = "132",
      doi            = "10.1007/JHEP05(2015)132",
      eprint         = "1412.6087",
      archivePrefix  = "arXiv",
      primaryClass   = "hep-th",
      SLACcitation   = "%%CITATION = ARXIV:1412.6087;%%"
}

@article{Maldacena:2015waa,
      author         = "Maldacena, Juan and Shenker, Stephen H. and Stanford,
                        Douglas",
      title          = "{A bound on chaos}",
      journal        = "JHEP",
      volume         = "08",
      year           = "2016",
      pages          = "106",
      doi            = "10.1007/JHEP08(2016)106",
      eprint         = "1503.01409",
      archivePrefix  = "arXiv",
      primaryClass   = "hep-th",
      SLACcitation   = "%%CITATION = ARXIV:1503.01409;%%"
}

@article{Hashimoto:2017oit,
      author         = "Hashimoto, Koji and Murata, Keiju and Yoshii, Ryosuke",
      title          = "{Out-of-time-order correlators in quantum mechanics}",
      journal        = "JHEP",
      volume         = "10",
      year           = "2017",
      pages          = "138",
      doi            = "10.1007/JHEP10(2017)138",
      eprint         = "1703.09435",
      archivePrefix  = "arXiv",
      primaryClass   = "hep-th",
      SLACcitation   = "%%CITATION = ARXIV:1703.09435;%%"
}

@article{Cotler:2017myn,
      author         = "Cotler, Jordan S. and Ding, Dawei and Penington, Geoffrey
                        R.",
      title          = "{Out-of-time-order Operators and the Butterfly Effect}",
      year           = "2017",
      eprint         = "1704.02979",
      archivePrefix  = "arXiv",
      primaryClass   = "quant-ph",
      SLACcitation   = "%%CITATION = ARXIV:1704.02979;%%"
}

@article{Iyoda:2017pxe,
      author         = "Iyoda, Eiki and Sagawa, Takahiro",
      title          = "{Scrambling of Quantum Information in Quantum Many-Body
                        Systems}",
      year           = "2017",
      eprint         = "1704.04850",
      archivePrefix  = "arXiv",
      primaryClass   = "cond-mat.stat-mech",
      SLACcitation   = "%%CITATION = ARXIV:1704.04850;%%"
}

@article{Sachdev:1992fk,
      author         = "Sachdev, Subir and Ye, Jinwu",
      title          = "{Gapless spin fluid ground state in a random, quantum
                        Heisenberg magnet}",
      journal        = "Phys. Rev. Lett.",
      volume         = "70",
      year           = "1993",
      pages          = "3339",
      doi            = "10.1103/PhysRevLett.70.3339",
      eprint         = "cond-mat/9212030",
      archivePrefix  = "arXiv",
      primaryClass   = "cond-mat",
      reportNumber   = "PRINT-93-0077",
      SLACcitation   = "%%CITATION = COND-MAT/9212030;%%"
}

@unpublished{Kitaev:2015,
      author         = "Kitaev, Alexei",
      title          = "{A simple model of quantum holography}",
      note           = "talk given at KITP",
      month          = "Apr. 7",
      year           = "2015",
%      pages          = "1200",
%      doi            = "10.1088/1126-6708/2008/07/089",
%      eprint         = "0803.4192",
%      archivePrefix  = "arXiv",
%      primaryClass   = "hep-th",
%      reportNumber   = "IC-2008-011, RIKEN-TH-126",
%      SLACcitation   = "%%CITATION = ARXIV:0803.4192;%%"
}

@article{Maldacena:2016hyu,
      author         = "Maldacena, Juan and Stanford, Douglas",
      title          = "{Remarks on the Sachdev-Ye-Kitaev model}",
      journal        = "Phys. Rev.",
      volume         = "D94",
      year           = "2016",
      number         = "10",
      pages          = "106002",
      doi            = "10.1103/PhysRevD.94.106002",
      eprint         = "1604.07818",
      archivePrefix  = "arXiv",
      primaryClass   = "hep-th",
      SLACcitation   = "%%CITATION = ARXIV:1604.07818;%%"
}

@article{Polchinski:2016xgd,
      author         = "Polchinski, Joseph and Rosenhaus, Vladimir",
      title          = "{The Spectrum in the Sachdev-Ye-Kitaev Model}",
      journal        = "JHEP",
      volume         = "04",
      year           = "2016",
      pages          = "001",
      doi            = "10.1007/JHEP04(2016)001",
      eprint         = "1601.06768",
      archivePrefix  = "arXiv",
      primaryClass   = "hep-th",
      SLACcitation   = "%%CITATION = ARXIV:1601.06768;%%"
}

@article{Jevicki:2016bwu,
      author         = "Jevicki, Antal and Suzuki, Kenta and Yoon, Junggi",
      title          = "{Bi-Local Holography in the SYK Model}",
      journal        = "JHEP",
      volume         = "07",
      year           = "2016",
      pages          = "007",
      doi            = "10.1007/JHEP07(2016)007",
      eprint         = "1603.06246",
      archivePrefix  = "arXiv",
      primaryClass   = "hep-th",
      reportNumber   = "BROWN-HET-1673",
      SLACcitation   = "%%CITATION = ARXIV:1603.06246;%%"
}

@article{Banks:1996vh,
      author         = "Banks, Tom and Fischler, W. and Shenker, S. H. and
                        Susskind, Leonard",
      title          = "{M theory as a matrix model: A Conjecture}",
      journal        = "Phys. Rev.",
      volume         = "D55",
      year           = "1997",
      pages          = "5112-5128",
      doi            = "10.1103/PhysRevD.55.5112",
      eprint         = "hep-th/9610043",
      archivePrefix  = "arXiv",
      primaryClass   = "hep-th",
      reportNumber   = "RU-96-95, SU-ITP-96-12, UTTG-13-96",
      SLACcitation   = "%%CITATION = HEP-TH/9610043;%%"
}

@article{Terashima:2017gmc,
      author         = "Terashima, Seiji",
      title          = "{AdS/CFT Correspondence in Operator Formalism}",
      year           = "2017",
      eprint         = "1710.07298",
      archivePrefix  = "arXiv",
      primaryClass   = "hep-th",
      reportNumber   = "YITP-17-111",
      SLACcitation   = "%%CITATION = ARXIV:1710.07298;%%"
}

@article{Bando:1987br,
      author         = "Bando, Masako and Kugo, Taichiro and Yamawaki, Koichi",
      title          = "{Nonlinear Realization and Hidden Local Symmetries}",
      journal        = "Phys. Rept.",
      volume         = "164",
      year           = "1988",
      pages          = "217-314",
      doi            = "10.1016/0370-1573(88)90019-1",
      reportNumber   = "DPNU-87-63, AICHI-1, KUNS-903",
      SLACcitation   = "%%CITATION = PRPLC,164,217;%%"
}

@article{Almheiri:2014cka,
      author         = "Almheiri, Ahmed and Polchinski, Joseph",
      title          = "{Models of AdS$_{2}$ backreaction and holography}",
      journal        = "JHEP",
      volume         = "11",
      year           = "2015",
      pages          = "014",
      doi            = "10.1007/JHEP11(2015)014",
      eprint         = "1402.6334",
      archivePrefix  = "arXiv",
      primaryClass   = "hep-th",
      SLACcitation   = "%%CITATION = ARXIV:1402.6334;%%"
}

@article{Jensen:2016pah,
      author         = "Jensen, Kristan",
      title          = "{Chaos in AdS$_2$ Holography}",
      journal        = "Phys. Rev. Lett.",
      volume         = "117",
      year           = "2016",
      number         = "11",
      pages          = "111601",
      doi            = "10.1103/PhysRevLett.117.111601",
      eprint         = "1605.06098",
      archivePrefix  = "arXiv",
      primaryClass   = "hep-th",
      SLACcitation   = "%%CITATION = ARXIV:1605.06098;%%"
}

@article{Maldacena:2016upp,
      author         = "Maldacena, Juan and Stanford, Douglas and Yang, Zhenbin",
      title          = "{Conformal symmetry and its breaking in two dimensional
                        Nearly Anti-de-Sitter space}",
      journal        = "PTEP",
      volume         = "2016",
      year           = "2016",
      number         = "12",
      pages          = "12C104",
      doi            = "10.1093/ptep/ptw124",
      eprint         = "1606.01857",
      archivePrefix  = "arXiv",
      primaryClass   = "hep-th",
      SLACcitation   = "%%CITATION = ARXIV:1606.01857;%%"
}

@article{Maldacena:2001kr,
      author         = "Maldacena, Juan Martin",
      title          = "{Eternal black holes in anti-de Sitter}",
      journal        = "JHEP",
      volume         = "04",
      year           = "2003",
      pages          = "021",
      doi            = "10.1088/1126-6708/2003/04/021",
      eprint         = "hep-th/0106112",
      archivePrefix  = "arXiv",
      primaryClass   = "hep-th",
      reportNumber   = "NSF-ITP-01-59",
      SLACcitation   = "%%CITATION = HEP-TH/0106112;%%"
}

@article{Akutagawa:2018yoe,
      author         = "Akutagawa, Tetsuya and Hashimoto, Koji and Miyazaki,
                        Takeshi and Ota, Toshihiro",
      title          = "{Phase diagram of QCD chaos in linear sigma models and
                        holography}",
      journal        = "PTEP",
      volume         = "2018",
      year           = "2018",
      number         = "6",
      pages          = "063B01",
      doi            = "10.1093/ptep/pty055",
      eprint         = "1804.01737",
      archivePrefix  = "arXiv",
      primaryClass   = "hep-th",
      reportNumber   = "OU-HET-966",
      SLACcitation   = "%%CITATION = ARXIV:1804.01737;%%"
}




%%%%%%%%%%%%%%%%%%%%%%%%% Chaos of QCD string 2019 %%%%%%%%%%%%%%%%%%%%%%%%%


@article{Rey:1998ik,
      author         = "Rey, Soo-Jong and Yee, Jung-Tay",
      title          = "{Macroscopic strings as heavy quarks in large N gauge
                        theory and anti-de Sitter supergravity}",
      journal        = "Eur. Phys. J.",
      volume         = "C22",
      year           = "2001",
      pages          = "379-394",
      doi            = "10.1007/s100520100799",
      eprint         = "hep-th/9803001",
      archivePrefix  = "arXiv",
      primaryClass   = "hep-th",
      reportNumber   = "SNUTP-98-016",
      SLACcitation   = "%%CITATION = HEP-TH/9803001;%%"
}

@article{Suzuki:2013gza,
      author         = "Suzuki, Hiroshi",
      title          = "{Energy\UTF{2013}momentum tensor from the Yang\UTF{2013}Mills gradient
                        flow}",
      journal        = "PTEP",
      volume         = "2013",
      year           = "2013",
      pages          = "083B03",
      doi            = "10.1093/ptep/ptt059, 10.1093/ptep/ptv094",
      note           = "[Erratum: PTEP2015,079201(2015)]",
      eprint         = "1304.0533",
      archivePrefix  = "arXiv",
      primaryClass   = "hep-lat",
      reportNumber   = "RIKEN-QHP-82",
      SLACcitation   = "%%CITATION = ARXIV:1304.0533;%%"
}

@article{Yanagihara:2018qqg,
      author         = "Yanagihara, Ryosuke and Iritani, Takumi and Kitazawa,
                        Masakiyo and Asakawa, Masayuki and Hatsuda, Tetsuo",
      title          = "{Distribution of Stress Tensor around Static
                        Quark--Anti-Quark from Yang-Mills Gradient Flow}",
      year           = "2018",
      eprint         = "1803.05656",
      archivePrefix  = "arXiv",
      primaryClass   = "hep-lat",
      reportNumber   = "J-PARC-TH-117, QHP-365, RIKEN-iTHEMS-Report-18,
                        RIKEN-ITHEMS-REPORT-18",
      SLACcitation   = "%%CITATION = ARXIV:1803.05656;%%"
}

@article{Hashimoto:2018fkb,
      author         = "Hashimoto, Koji and Murata, Keiju and Tanahashi,
                        Norihiro",
      title          = "{Chaos of Wilson Loop from String Motion near Black Hole
                        Horizon}",
      journal        = "Phys. Rev.",
      volume         = "D98",
      year           = "2018",
      number         = "8",
      pages          = "086007",
      doi            = "10.1103/PhysRevD.98.086007",
      eprint         = "1803.06756",
      archivePrefix  = "arXiv",
      primaryClass   = "hep-th",
      reportNumber   = "OU-HET-964",
      SLACcitation   = "%%CITATION = ARXIV:1803.06756;%%"
}





%%%%%%%%%%%%%%%%%%% Holographic entanglements in cutoff AdS 2019 %%%%%%%%%%%%%%%%%%%

@article{Zamolodchikov:2004ce,
      author         = "Zamolodchikov, Alexander B.",
      title          = "{Expectation value of composite field T anti-T in
                        two-dimensional quantum field theory}",
      year           = "2004",
      eprint         = "hep-th/0401146",
      archivePrefix  = "arXiv",
      primaryClass   = "hep-th",
      reportNumber   = "BONN-TH-2004-02",
      SLACcitation   = "%%CITATION = HEP-TH/0401146;%%"
}

@article{Smirnov:2016lqw,
      author         = "Smirnov, F. A. and Zamolodchikov, A. B.",
      title          = "{On space of integrable quantum field theories}",
      journal        = "Nucl. Phys.",
      volume         = "B915",
      year           = "2017",
      pages          = "363-383",
      doi            = "10.1016/j.nuclphysb.2016.12.014",
      eprint         = "1608.05499",
      archivePrefix  = "arXiv",
      primaryClass   = "hep-th",
      SLACcitation   = "%%CITATION = ARXIV:1608.05499;%%"
}

@article{Cavaglia:2016oda,
      author         = "Cavaglia, Andrea and Negro, Stefano and Szecsenyi,
                        Istvan M. and Tateo, Roberto",
      title          = "{$T \bar{T}$-deformed 2D Quantum Field Theories}",
      journal        = "JHEP",
      volume         = "10",
      year           = "2016",
      pages          = "112",
      doi            = "10.1007/JHEP10(2016)112",
      eprint         = "1608.05534",
      archivePrefix  = "arXiv",
      primaryClass   = "hep-th",
      SLACcitation   = "%%CITATION = ARXIV:1608.05534;%%"
}

@article{McGough:2016lol,
      author         = "McGough, Lauren and Mezei, Mark and Verlinde, Herman",
      title          = "{Moving the CFT into the bulk with $ T\overline{T} $}",
      journal        = "JHEP",
      volume         = "04",
      year           = "2018",
      pages          = "010",
      doi            = "10.1007/JHEP04(2018)010",
      eprint         = "1611.03470",
      archivePrefix  = "arXiv",
      primaryClass   = "hep-th",
      SLACcitation   = "%%CITATION = ARXIV:1611.03470;%%"
}

@article{Balasubramanian:1999jd,
      author         = "Balasubramanian, Vijay and Kraus, Per",
      title          = "{Space-time and the holographic renormalization group}",
      journal        = "Phys. Rev. Lett.",
      volume         = "83",
      year           = "1999",
      pages          = "3605-3608",
      doi            = "10.1103/PhysRevLett.83.3605",
      eprint         = "hep-th/9903190",
      archivePrefix  = "arXiv",
      primaryClass   = "hep-th",
      reportNumber   = "HUTP-99-A016, EFI-99-9, NSF-ITP-99-18",
      SLACcitation   = "%%CITATION = HEP-TH/9903190;%%"
}

@article{deBoer:1999tgo,
      author         = "de Boer, Jan and Verlinde, Erik P. and Verlinde, Herman
                        L.",
      title          = "{On the holographic renormalization group}",
      journal        = "JHEP",
      volume         = "08",
      year           = "2000",
      pages          = "003",
      doi            = "10.1088/1126-6708/2000/08/003",
      eprint         = "hep-th/9912012",
      archivePrefix  = "arXiv",
      primaryClass   = "hep-th",
      reportNumber   = "PUPT-1898, ITFA-99-39, SPIN-1999-29",
      SLACcitation   = "%%CITATION = HEP-TH/9912012;%%"
}

@article{Brattan:2011my,
      author         = "Brattan, Daniel and Camps, Joan and Loganayagam, R. and
                        Rangamani, Mukund",
      title          = "{CFT dual of the AdS Dirichlet problem : Fluid/Gravity on
                        cut-off surfaces}",
      journal        = "JHEP",
      volume         = "12",
      year           = "2011",
      pages          = "090",
      doi            = "10.1007/JHEP12(2011)090",
      eprint         = "1106.2577",
      archivePrefix  = "arXiv",
      primaryClass   = "hep-th",
      SLACcitation   = "%%CITATION = ARXIV:1106.2577;%%"
}

@article{Heemskerk:2010hk,
      author         = "Heemskerk, Idse and Polchinski, Joseph",
      title          = "{Holographic and Wilsonian Renormalization Groups}",
      journal        = "JHEP",
      volume         = "06",
      year           = "2011",
      pages          = "031",
      doi            = "10.1007/JHEP06(2011)031",
      eprint         = "1010.1264",
      archivePrefix  = "arXiv",
      primaryClass   = "hep-th",
      SLACcitation   = "%%CITATION = ARXIV:1010.1264;%%"
}

@article{Faulkner:2010jy,
      author         = "Faulkner, Thomas and Liu, Hong and Rangamani, Mukund",
      title          = "{Integrating out geometry: Holographic Wilsonian RG and
                        the membrane paradigm}",
      journal        = "JHEP",
      volume         = "08",
      year           = "2011",
      pages          = "051",
      doi            = "10.1007/JHEP08(2011)051",
      eprint         = "1010.4036",
      archivePrefix  = "arXiv",
      primaryClass   = "hep-th",
      reportNumber   = "MIT-CTP-4185, DCPT-10-47",
      SLACcitation   = "%%CITATION = ARXIV:1010.4036;%%"
}

@article{Giveon:2017nie,
      author         = "Giveon, Amit and Itzhaki, Nissan and Kutasov, David",
      title          = "{$ \mathrm{T}\overline{\mathrm{T}} $ and LST}",
      journal        = "JHEP",
      volume         = "07",
      year           = "2017",
      pages          = "122",
      doi            = "10.1007/JHEP07(2017)122",
      eprint         = "1701.05576",
      archivePrefix  = "arXiv",
      primaryClass   = "hep-th",
      SLACcitation   = "%%CITATION = ARXIV:1701.05576;%%"
}

@article{Dubovsky:2017cnj,
      author         = "Dubovsky, Sergei and Gorbenko, Victor and Mirbabayi,
                        Mehrdad",
      title          = "{Asymptotic fragility, near AdS$_{2}$ holography and $
                        T\overline{T} $}",
      journal        = "JHEP",
      volume         = "09",
      year           = "2017",
      pages          = "136",
      doi            = "10.1007/JHEP09(2017)136",
      eprint         = "1706.06604",
      archivePrefix  = "arXiv",
      primaryClass   = "hep-th",
      SLACcitation   = "%%CITATION = ARXIV:1706.06604;%%"
}

@article{Giveon:2017myj,
      author         = "Giveon, Amit and Itzhaki, Nissan and Kutasov, David",
      title          = "{A solvable irrelevant deformation of
                        AdS$_{3}$/CFT$_{2}$}",
      journal        = "JHEP",
      volume         = "12",
      year           = "2017",
      pages          = "155",
      doi            = "10.1007/JHEP12(2017)155",
      eprint         = "1707.05800",
      archivePrefix  = "arXiv",
      primaryClass   = "hep-th",
      SLACcitation   = "%%CITATION = ARXIV:1707.05800;%%"
}


@article{Asrat:2017tzd,
      author         = "Asrat, Meseret and Giveon, Amit and Itzhaki, Nissan and
                        Kutasov, David",
      title          = "{Holography Beyond AdS}",
      journal        = "Nucl. Phys.",
      volume         = "B932",
      year           = "2018",
      pages          = "241-253",
      doi            = "10.1016/j.nuclphysb.2018.05.005",
      eprint         = "1711.02690",
      archivePrefix  = "arXiv",
      primaryClass   = "hep-th",
      SLACcitation   = "%%CITATION = ARXIV:1711.02690;%%"
}

@article{Giribet:2017imm,
      author         = "Giribet, Gaston",
      title          = "{$T\bar{T}$-deformations, AdS/CFT and correlation
                        functions}",
      journal        = "JHEP",
      volume         = "02",
      year           = "2018",
      pages          = "114",
      doi            = "10.1007/JHEP02(2018)114",
      eprint         = "1711.02716",
      archivePrefix  = "arXiv",
      primaryClass   = "hep-th",
      SLACcitation   = "%%CITATION = ARXIV:1711.02716;%%"
}

@article{Kraus:2018xrn,
      author         = "Kraus, Per and Liu, Junyu and Marolf, Donald",
      title          = "{Cutoff AdS$_{3}$ versus the $ T\overline{T} $
                        deformation}",
      journal        = "JHEP",
      volume         = "07",
      year           = "2018",
      pages          = "027",
      doi            = "10.1007/JHEP07(2018)027",
      eprint         = "1801.02714",
      archivePrefix  = "arXiv",
      primaryClass   = "hep-th",
      reportNumber   = "CALT-TH-2018-002",
      SLACcitation   = "%%CITATION = ARXIV:1801.02714;%%"
}

@article{Chakraborty:2018kpr,
      author         = "Chakraborty, Soumangsu and Giveon, Amit and Itzhaki,
                        Nissan and Kutasov, David",
      title          = "{Entanglement beyond AdS}",
      journal        = "Nucl. Phys.",
      volume         = "B935",
      year           = "2018",
      pages          = "290-309",
      doi            = "10.1016/j.nuclphysb.2018.08.011",
      eprint         = "1805.06286",
      archivePrefix  = "arXiv",
      primaryClass   = "hep-th",
      SLACcitation   = "%%CITATION = ARXIV:1805.06286;%%"
}

@article{Hartman:2018tkw,
      author         = "Hartman, Thomas and Kruthoff, Jorrit and Shaghoulian,
                        Edgar and Tajdini, Amirhossein",
      title          = "{Holography at finite cutoff with a $T^2$ deformation}",
      journal        = "JHEP",
      volume         = "03",
      year           = "2019",
      pages          = "004",
      doi            = "10.1007/JHEP03(2019)004",
      eprint         = "1807.11401",
      archivePrefix  = "arXiv",
      primaryClass   = "hep-th",
      SLACcitation   = "%%CITATION = ARXIV:1807.11401;%%"
}

@article{Caputa:2019pam,
      author         = "Caputa, Pawel and Datta, Shouvik and Shyam, Vasudev",
      title          = "{Sphere partition functions and cut-off AdS}",
      year           = "2019",
      eprint         = "1902.10893",
      archivePrefix  = "arXiv",
      primaryClass   = "hep-th",
      reportNumber   = "YITP-19-09",
      SLACcitation   = "%%CITATION = ARXIV:1902.10893;%%"
}

@article{Calabrese:2009ez,
      author         = "Calabrese, Pasquale and Cardy, John and Tonni, Erik",
      title          = "{Entanglement entropy of two disjoint intervals in
                        conformal field theory}",
      journal        = "J. Stat. Mech.",
      volume         = "0911",
      year           = "2009",
      pages          = "P11001",
      doi            = "10.1088/1742-5468/2009/11/P11001",
      eprint         = "0905.2069",
      archivePrefix  = "arXiv",
      primaryClass   = "hep-th",
      SLACcitation   = "%%CITATION = ARXIV:0905.2069;%%"
}

@article{Headrick:2010zt,
      author         = "Headrick, Matthew",
      title          = "{Entanglement Renyi entropies in holographic theories}",
      journal        = "Phys. Rev.",
      volume         = "D82",
      year           = "2010",
      pages          = "126010",
      doi            = "10.1103/PhysRevD.82.126010",
      eprint         = "1006.0047",
      archivePrefix  = "arXiv",
      primaryClass   = "hep-th",
      reportNumber   = "BRX-TH-619",
      SLACcitation   = "%%CITATION = ARXIV:1006.0047;%%"
}

@article{Calabrese:2010he,
      author         = "Calabrese, Pasquale and Cardy, John and Tonni, Erik",
      title          = "{Entanglement entropy of two disjoint intervals in
                        conformal field theory II}",
      journal        = "J. Stat. Mech.",
      volume         = "1101",
      year           = "2011",
      pages          = "P01021",
      doi            = "10.1088/1742-5468/2011/01/P01021",
      eprint         = "1011.5482",
      archivePrefix  = "arXiv",
      primaryClass   = "hep-th",
      SLACcitation   = "%%CITATION = ARXIV:1011.5482;%%"
}

@article{Hartman:2013mia,
      author         = "Hartman, Thomas",
      title          = "{Entanglement Entropy at Large Central Charge}",
      year           = "2013",
      eprint         = "1303.6955",
      archivePrefix  = "arXiv",
      primaryClass   = "hep-th",
      SLACcitation   = "%%CITATION = ARXIV:1303.6955;%%"
}

@article{Takayanagi:2017knl,
      author         = "Takayanagi, Tadashi and Umemoto, Koji",
      title          = "{Entanglement of purification through holographic
                        duality}",
      journal        = "Nature Phys.",
      volume         = "14",
      year           = "2018",
      number         = "6",
      pages          = "573-577",
      doi            = "10.1038/s41567-018-0075-2",
      eprint         = "1708.09393",
      archivePrefix  = "arXiv",
      primaryClass   = "hep-th",
      reportNumber   = "YITP-17-89, IPMU17-0115",
      SLACcitation   = "%%CITATION = ARXIV:1708.09393;%%"
}

@article{Donnelly:2018bef,
      author         = "Donnelly, William and Shyam, Vasudev",
      title          = "{Entanglement entropy and $T \overline{T}$ deformation}",
      journal        = "Phys. Rev. Lett.",
      volume         = "121",
      year           = "2018",
      number         = "13",
      pages          = "131602",
      doi            = "10.1103/PhysRevLett.121.131602",
      eprint         = "1806.07444",
      archivePrefix  = "arXiv",
      primaryClass   = "hep-th",
      SLACcitation   = "%%CITATION = ARXIV:1806.07444;%%"
}

@article{Chen:2018eqk,
      author         = "Chen, Bin and Chen, Lin and Hao, Peng-Xiang",
      title          = "{Entanglement entropy in $T\overline{T}$-deformed CFT}",
      journal        = "Phys. Rev.",
      volume         = "D98",
      year           = "2018",
      number         = "8",
      pages          = "086025",
      doi            = "10.1103/PhysRevD.98.086025",
      eprint         = "1807.08293",
      archivePrefix  = "arXiv",
      primaryClass   = "hep-th",
      SLACcitation   = "%%CITATION = ARXIV:1807.08293;%%"
}

@article{Banerjee:2019ewu,
      author         = "Banerjee, Aritra and Bhattacharyya, Arpan and
                        Chakraborty, Soumangsu",
      title          = "{Entanglement Entropy for $TT$ deformed CFT in general
                        dimensions}",
      year           = "2019",
      eprint         = "1904.00716",
      archivePrefix  = "arXiv",
      primaryClass   = "hep-th",
      reportNumber   = "YITP-19-22",
      SLACcitation   = "%%CITATION = ARXIV:1904.00716;%%"
}

@article{Park:2018snf,
      author         = "Park, Chanyong",
      title          = "{Holographic Entanglement Entropy in Cutoff AdS}",
      journal        = "Int. J. Mod. Phys.",
      volume         = "A33",
      year           = "2019",
      number         = "36",
      pages          = "1850226",
      doi            = "10.1142/S0217751X18502263",
      eprint         = "1812.00545",
      archivePrefix  = "arXiv",
      primaryClass   = "hep-th",
      SLACcitation   = "%%CITATION = ARXIV:1812.00545;%%"
}

@article{Chakraborty:2018aji,
      author         = "Chakraborty, Soumangsu",
      title          = "{Wilson loop in a $T\bar{T}$ like deformed $\rm{CFT}_2$}",
      journal        = "Nucl. Phys.",
      volume         = "B938",
      year           = "2019",
      pages          = "605-620",
      doi            = "10.1016/j.nuclphysb.2018.12.003",
      eprint         = "1809.01915",
      archivePrefix  = "arXiv",
      primaryClass   = "hep-th",
      SLACcitation   = "%%CITATION = ARXIV:1809.01915;%%"
}

@article{Brown:1986nw,
      author         = "Brown, J. David and Henneaux, M.",
      title          = "{Central Charges in the Canonical Realization of
                        Asymptotic Symmetries: An Example from Three-Dimensional
                        Gravity}",
      journal        = "Commun. Math. Phys.",
      volume         = "104",
      year           = "1986",
      pages          = "207-226",
      doi            = "10.1007/BF01211590",
      SLACcitation   = "%%CITATION = CMPHA,104,207;%%"
}

@article{Hayden:2011ag,
      author         = "Hayden, Patrick and Headrick, Matthew and Maloney,
                        Alexander",
      title          = "{Holographic Mutual Information is Monogamous}",
      journal        = "Phys. Rev.",
      volume         = "D87",
      year           = "2013",
      number         = "4",
      pages          = "046003",
      doi            = "10.1103/PhysRevD.87.046003",
      eprint         = "1107.2940",
      archivePrefix  = "arXiv",
      primaryClass   = "hep-th",
      reportNumber   = "BRX-TH-638",
      SLACcitation   = "%%CITATION = ARXIV:1107.2940;%%"
}

@article{Maldacena:2004rf,
      author         = "Maldacena, Juan Martin and Maoz, Liat",
      title          = "{Wormholes in AdS}",
      journal        = "JHEP",
      volume         = "02",
      year           = "2004",
      pages          = "053",
      doi            = "10.1088/1126-6708/2004/02/053",
      eprint         = "hep-th/0401024",
      archivePrefix  = "arXiv",
      primaryClass   = "hep-th",
      reportNumber   = "ITFA-2003-57",
      SLACcitation   = "%%CITATION = HEP-TH/0401024;%%"
}

@article{Maldacena:2018gjk,
      author         = "Maldacena, Juan and Milekhin, Alexey and Popov, Fedor",
      title          = "{Traversable wormholes in four dimensions}",
      year           = "2018",
      eprint         = "1807.04726",
      archivePrefix  = "arXiv",
      primaryClass   = "hep-th",
      SLACcitation   = "%%CITATION = ARXIV:1807.04726;%%"
}

@article{Aharony:2018vux,
      author         = "Aharony, Ofer and Vaknin, Talya",
      title          = "{The TT* deformation at large central charge}",
      journal        = "JHEP",
      volume         = "05",
      year           = "2018",
      pages          = "166",
      doi            = "10.1007/JHEP05(2018)166",
      eprint         = "1803.00100",
      archivePrefix  = "arXiv",
      primaryClass   = "hep-th",
      SLACcitation   = "%%CITATION = ARXIV:1803.00100;%%"
}

@article{Murdia:2019fax,
      author         = "Murdia, Chitraang and Nomura, Yasunori and Rath, Pratik
                        and Salzetta, Nico",
      title          = "{Comments on Holographic Entanglement Entropy in TT
                        Deformed CFTs}",
      year           = "2019",
      eprint         = "1904.04408",
      archivePrefix  = "arXiv",
      primaryClass   = "hep-th",
      SLACcitation   = "%%CITATION = ARXIV:1904.04408;%%"
}








