@article{Pestun:2007rz,
      author         = "Pestun, Vasily",
      title          = "{Localization of gauge theory on a four-sphere and
                        supersymmetric Wilson loops}",
      journal        = "Commun.Math.Phys.",
      volume         = "313",
      pages          = "71-129",
      doi            = "10.1007/s00220-012-1485-0",
      year           = "2012",
      eprint         = "0712.2824",
      archivePrefix  = "arXiv",
      primaryClass   = "hep-th",
      reportNumber   = "ITEP-TH-41-07, PUTP-2248",
      SLACcitation   = "%%CITATION = ARXIV:0712.2824;%%",
}
