@article{Pestun:2007rz,
      author         = "Pestun, Vasily",
      title          = "{Localization of gauge theory on a four-sphere and
                        supersymmetric Wilson loops}",
      journal        = "Commun.Math.Phys.",
      volume         = "313",
      pages          = "71-129",
      doi            = "10.1007/s00220-012-1485-0",
      year           = "2012",
      eprint         = "0712.2824",
      archivePrefix  = "arXiv",
      primaryClass   = "hep-th",
      reportNumber   = "ITEP-TH-41-07, PUTP-2248",
      SLACcitation   = "%%CITATION = ARXIV:0712.2824;%%",
}




%%%%%%%%%%%%%%%%%%%%%%%%% Dissertation 2021 %%%%%%%%%%%%%%%%%%%%%%%%%
%%%% When you use utphys.bst, comment out "URL" in mathscinet references %%%%

@article {MR1846786,
    AUTHOR = {Spiridonov, V. P.},
     TITLE = {On the elliptic beta function},
   JOURNAL = {Uspekhi Mat. Nauk},
  FJOURNAL = {Uspekhi Matematicheskikh Nauk},
    VOLUME = {56},
      YEAR = {2001},
    NUMBER = {1(337)},
     PAGES = {181--182},
      ISSN = {0042-1316},
   MRCLASS = {33E05 (33B15)},
  MRNUMBER = {1846786},
       DOI = {10.1070/rm2001v056n01ABEH000374},
       URL = {https://doi.org/10.1070/rm2001v056n01ABEH000374},
}

@article{Maruyoshi:2020cwy,
    author = "Maruyoshi, Kazunobu and Ota, Toshihiro and Yagi, Junya",
    title = "{Wilson-'t Hooft lines as transfer matrices}",
    eprint = "2009.12391",
    archivePrefix = "arXiv",
    primaryClass = "hep-th",
    reportNumber = "OU-HET-1067, RIKEN-iTHEMS-Report-20",
    doi = "10.1007/JHEP01(2021)072",
    journal = "JHEP",
    volume = "01",
    pages = "072",
    year = "2021"
}



@article{Hayashi:2020ofu,
    author = "Hayashi, Hirotaka and Okuda, Takuya and Yoshida, Yutaka",
    title = "{ABCD of 't Hooft operators}",
    eprint = "2012.12275",
    archivePrefix = "arXiv",
    primaryClass = "hep-th",
    reportNumber = "UT-Komaba-20-3, IPMU20-0110",
    month = "12",
    year = "2020"
}

@article{Orlando:2013yea,
    author = "Orlando, Domenico and Reffert, Susanne",
    title = "{Deformed supersymmetric gauge theories from the fluxtrap background}",
    eprint = "1309.7350",
    archivePrefix = "arXiv",
    primaryClass = "hep-th",
    reportNumber = "CERN-PH-TH-2013-231",
    doi = "10.1142/S0217751X13300445",
    journal = "Int. J. Mod. Phys. A",
    volume = "28",
    pages = "1330044",
    year = "2013"
}

@article{Hellerman:2012zf,
    author = "Hellerman, Simeon and Orlando, Domenico and Reffert, Susanne",
    title = "{The Omega Deformation From String and M-Theory}",
    eprint = "1204.4192",
    archivePrefix = "arXiv",
    primaryClass = "hep-th",
    reportNumber = "CERN-PH-TH-2012-090, IPMU12-0069",
    doi = "10.1007/JHEP07(2012)061",
    journal = "JHEP",
    volume = "07",
    pages = "061",
    year = "2012"
}

@article{Teschner:2001rv,
    author = "Teschner, J.",
    title = "{Liouville theory revisited}",
    eprint = "hep-th/0104158",
    archivePrefix = "arXiv",
    doi = "10.1088/0264-9381/18/23/201",
    journal = "Class. Quant. Grav.",
    volume = "18",
    pages = "R153--R222",
    year = "2001"
}

@article{Nakayama:2004vk,
    author = "Nakayama, Yu",
    title = "{Liouville field theory: A Decade after the revolution}",
    eprint = "hep-th/0402009",
    archivePrefix = "arXiv",
    reportNumber = "UT-04-02",
    doi = "10.1142/S0217751X04019500",
    journal = "Int. J. Mod. Phys. A",
    volume = "19",
    pages = "2771--2930",
    year = "2004"
}

@article{Callan:1991ky,
    author = "Callan, Curtis G., Jr. and Harvey, Jeffrey A. and Strominger, Andrew",
    title = "{Worldbrane actions for string solitons}",
    reportNumber = "PUPT-1244, EFI-91-12",
    doi = "10.1016/0550-3213(91)90041-U",
    journal = "Nucl. Phys. B",
    volume = "367",
    pages = "60--82",
    year = "1991"
}






@article{Kels:2017vbc,
    author = "Kels, Andrew P. and Yamazaki, Masahito",
    title = "{Lens elliptic gamma function solution of the Yang-Baxter equation at roots of unity}",
    eprint = "1709.07148",
    archivePrefix = "arXiv",
    primaryClass = "math-ph",
    reportNumber = "IPMU17-0127",
    doi = "10.1088/1742-5468/aaa8fd",
    journal = "J. Stat. Mech.",
    volume = "1802",
    number = "2",
    pages = "023108",
    year = "2018"
}

@article{Kels:2017toi,
    author = "Kels, Andrew P. and Yamazaki, Masahito",
    title = "{Elliptic hypergeometric sum/integral transformations and supersymmetric lens index}",
    eprint = "1704.03159",
    archivePrefix = "arXiv",
    primaryClass = "math-ph",
    reportNumber = "IPMU17-0054",
    doi = "10.3842/SIGMA.2018.013",
    journal = "SIGMA",
    volume = "14",
    pages = "013",
    year = "2018"
}

@article{Kels:2015bda,
    author = "Kels, Andrew P.",
    title = "{New solutions of the star-triangle relation with discrete and continuous spin variables}",
    eprint = "1504.07074",
    archivePrefix = "arXiv",
    primaryClass = "math-ph",
    doi = "10.1088/1751-8113/48/43/435201",
    journal = "J. Phys. A",
    volume = "48",
    number = "43",
    pages = "435201",
    year = "2015"
}

@article{Hama:2012bg,
    author = "Hama, Naofumi and Hosomichi, Kazuo",
    title = "{Seiberg-Witten Theories on Ellipsoids}",
    eprint = "1206.6359",
    archivePrefix = "arXiv",
    primaryClass = "hep-th",
    reportNumber = "YITP-12-51",
    doi = "10.1007/JHEP09(2012)033",
    journal = "JHEP",
    volume = "09",
    pages = "033",
    year = "2012",
    note = "[Addendum: JHEP 10, 051 (2012)]"
}

@article{Hama:2011ea,
    author = "Hama, Naofumi and Hosomichi, Kazuo and Lee, Sungjay",
    title = "{SUSY Gauge Theories on Squashed Three-Spheres}",
    eprint = "1102.4716",
    archivePrefix = "arXiv",
    primaryClass = "hep-th",
    reportNumber = "DAMTP-2011-6, YITP-11-1",
    doi = "10.1007/JHEP05(2011)014",
    journal = "JHEP",
    volume = "05",
    pages = "014",
    year = "2011"
}

@article{Kapustin:2006pk,
    author = "Kapustin, Anton and Witten, Edward",
    title = "{Electric-Magnetic Duality And The Geometric Langlands Program}",
    eprint = "hep-th/0604151",
    archivePrefix = "arXiv",
    doi = "10.4310/CNTP.2007.v1.n1.a1",
    journal = "Commun. Num. Theor. Phys.",
    volume = "1",
    pages = "1--236",
    year = "2007"
}

@article{Gomis:2011pf,
    author = "Gomis, Jaume and Okuda, Takuya and Pestun, Vasily",
    title = "{Exact Results for 't Hooft Loops in Gauge Theories on $S^4$}",
    eprint = "1105.2568",
    archivePrefix = "arXiv",
    primaryClass = "hep-th",
    doi = "10.1007/JHEP05(2012)141",
    journal = "JHEP",
    volume = "05",
    pages = "141",
    year = "2012"
}

@article{Alday:2013kda,
    author = "Alday, Luis F. and Bullimore, Mathew and Fluder, Martin and Hollands, Lotte",
    title = "{Surface defects, the superconformal index and q-deformed Yang-Mills}",
    eprint = "1303.4460",
    archivePrefix = "arXiv",
    primaryClass = "hep-th",
    doi = "10.1007/JHEP10(2013)018",
    journal = "JHEP",
    volume = "10",
    pages = "018",
    year = "2013"
}

@article {MR851627,
    AUTHOR = {Ruijsenaars, S. N. M. and Schneider, H.},
     TITLE = {A new class of integrable systems and its relation to
              solitons},
   JOURNAL = {Ann. Physics},
  FJOURNAL = {Annals of Physics},
    VOLUME = {170},
      YEAR = {1986},
    NUMBER = {2},
     PAGES = {370--405},
      ISSN = {0003-4916},
   MRCLASS = {58F07 (35Q20 70H40)},
  MRNUMBER = {851627},
MRREVIEWER = {Woodford W. Zachary},
       DOI = {10.1016/0003-4916(86)90097-7},
       URL = {https://doi.org/10.1016/0003-4916(86)90097-7},
}

@article {MR2492363,
    AUTHOR = {Spiridonov, V. P.},
     TITLE = {The continuous biorthogonality of an elliptic hypergeometric
              function},
   JOURNAL = {Algebra i Analiz},
  FJOURNAL = {Rossi\u{\i}skaya Akademiya Nauk. Algebra i Analiz},
    VOLUME = {20},
      YEAR = {2008},
    NUMBER = {5},
     PAGES = {155--185},
      ISSN = {0234-0852},
   MRCLASS = {33C67 (33D70 37K10)},
  MRNUMBER = {2492363},
       DOI = {10.1090/S1061-0022-09-01073-5},
       URL = {https://doi.org/10.1090/S1061-0022-09-01073-5},
}


@article{Derkachov:2012iv,
    author = "Derkachov, S.E. and Spiridonov, V.P.",
    title = "{Yang-Baxter equation, parameter permutations, and the elliptic beta integral}",
    eprint = "1205.3520",
    archivePrefix = "arXiv",
    primaryClass = "math-ph",
    doi = "10.1070/RM2013v068n06ABEH004869",
    journal = "Russ. Math. Surveys",
    volume = "68",
    pages = "1027--1072",
    year = "2013"
}

@article {MR725414,
    AUTHOR = {Sklyanin, E. K.},
     TITLE = {Some algebraic structures connected with the {Y}ang-{B}axter
              equation. {R}epresentations of a quantum algebra},
   JOURNAL = {Funktsional. Anal. i Prilozhen.},
  FJOURNAL = {Akademiya Nauk SSSR. Funktsional\cprime ny\u{\i} Analiz i ego
              Prilozheniya},
    VOLUME = {17},
      YEAR = {1983},
    NUMBER = {4},
     PAGES = {34--48},
      ISSN = {0374-1990},
   MRCLASS = {82A15 (22E70 58F07)},
  MRNUMBER = {725414},
MRREVIEWER = {V. Z. Enol\cprime ski\u{\i}},
}

@article {MR684124,
    AUTHOR = {Sklyanin, E. K.},
     TITLE = {Some algebraic structures connected with the {Y}ang-{B}axter
              equation},
   JOURNAL = {Funktsional. Anal. i Prilozhen.},
  FJOURNAL = {Akademiya Nauk SSSR. Funktsional\cprime ny\u{\i} Analiz i ego
              Prilozheniya},
    VOLUME = {16},
      YEAR = {1982},
    NUMBER = {4},
     PAGES = {27--34, 96},
      ISSN = {0374-1990},
   MRCLASS = {82A05 (58F07 81E25)},
  MRNUMBER = {684124},
}

@article{Gukov:2008sn,
    author = "Gukov, Sergei and Witten, Edward",
    title = "{Rigid Surface Operators}",
    eprint = "0804.1561",
    archivePrefix = "arXiv",
    primaryClass = "hep-th",
    doi = "10.4310/ATMP.2010.v14.n1.a3",
    journal = "Adv. Theor. Math. Phys.",
    volume = "14",
    number = "1",
    pages = "87--178",
    year = "2010"
}

@article{Gukov:2006jk,
    author = "Gukov, Sergei and Witten, Edward",
    title = "{Gauge Theory, Ramification, And The Geometric Langlands Program}",
    eprint = "hep-th/0612073",
    archivePrefix = "arXiv",
    month = "12",
    year = "2006"
}

@article{Spiridonov:2014cxa,
    author = "Spiridonov, V.P. and Vartanov, G.S.",
    title = "{Vanishing superconformal indices and the chiral symmetry breaking}",
    eprint = "1402.2312",
    archivePrefix = "arXiv",
    primaryClass = "hep-th",
    doi = "10.1007/JHEP06(2014)062",
    journal = "JHEP",
    volume = "06",
    pages = "062",
    year = "2014"
}

@article {MR1606760,
    AUTHOR = {Felder, Giovanni and Varchenko, Alexander},
     TITLE = {Elliptic quantum groups and {R}uijsenaars models},
   JOURNAL = {J. Statist. Phys.},
  FJOURNAL = {Journal of Statistical Physics},
    VOLUME = {89},
      YEAR = {1997},
    NUMBER = {5-6},
     PAGES = {963--980},
      ISSN = {0022-4715},
   MRCLASS = {82B23 (17B37 39A70 81R50)},
  MRNUMBER = {1606760},
       DOI = {10.1007/BF02764216},
       URL = {https://doi.org/10.1007/BF02764216},
}

@article {MR2630038,
    AUTHOR = {Rains, Eric M.},
     TITLE = {Transformations of elliptic hypergeometric integrals},
   JOURNAL = {Ann. of Math. (2)},
  FJOURNAL = {Annals of Mathematics. Second Series},
    VOLUME = {171},
      YEAR = {2010},
    NUMBER = {1},
     PAGES = {169--243},
      ISSN = {0003-486X},
   MRCLASS = {33D67 (33D52 33D60)},
  MRNUMBER = {2630038},
MRREVIEWER = {Laurent Habsieger},
       DOI = {10.4007/annals.2010.171.169},
       URL = {https://doi.org/10.4007/annals.2010.171.169},
}


@article {MR2044635,
    AUTHOR = {Spiridonov, V. P.},
     TITLE = {Theta hypergeometric integrals},
   JOURNAL = {Algebra i Analiz},
  FJOURNAL = {Rossi\u{\i}skaya Akademiya Nauk. Algebra i Analiz},
    VOLUME = {15},
      YEAR = {2003},
    NUMBER = {6},
     PAGES = {161--215},
      ISSN = {0234-0852},
   MRCLASS = {33D15 (33E05)},
  MRNUMBER = {2044635},
MRREVIEWER = {R. N. Kalia},
       DOI = {10.1090/S1061-0022-04-00839-8},
       URL = {https://doi.org/10.1090/S1061-0022-04-00839-8},
}


@article{Dolan:2008qi,
    author = "Dolan, F.A. and Osborn, H.",
    title = "{Applications of the Superconformal Index for Protected Operators and q-Hypergeometric Identities to N=1 Dual Theories}",
    eprint = "0801.4947",
    archivePrefix = "arXiv",
    primaryClass = "hep-th",
    reportNumber = "DAMTP-08-07, DIAS-STP-08-02, SHEP-08-06",
    doi = "10.1016/j.nuclphysb.2009.01.028",
    journal = "Nucl. Phys. B",
    volume = "818",
    pages = "137--178",
    year = "2009"
}

@article{Closset:2013vra,
    author = "Closset, Cyril and Dumitrescu, Thomas T. and Festuccia, Guido and Komargodski, Zohar",
    title = "{The Geometry of Supersymmetric Partition Functions}",
    eprint = "1309.5876",
    archivePrefix = "arXiv",
    primaryClass = "hep-th",
    reportNumber = "WIS-09-13-SEP-DPPA",
    doi = "10.1007/JHEP01(2014)124",
    journal = "JHEP",
    volume = "01",
    pages = "124",
    year = "2014"
}

@article{Festuccia:2011ws,
    author = "Festuccia, Guido and Seiberg, Nathan",
    title = "{Rigid Supersymmetric Theories in Curved Superspace}",
    eprint = "1105.0689",
    archivePrefix = "arXiv",
    primaryClass = "hep-th",
    doi = "10.1007/JHEP06(2011)114",
    journal = "JHEP",
    volume = "06",
    pages = "114",
    year = "2011"
}

@article{Kinney:2005ej,
    author = "Kinney, Justin and Maldacena, Juan Martin and Minwalla, Shiraz and Raju, Suvrat",
    title = "{An Index for 4 dimensional superconformal theories}",
    eprint = "hep-th/0510251",
    archivePrefix = "arXiv",
    doi = "10.1007/s00220-007-0258-7",
    journal = "Commun. Math. Phys.",
    volume = "275",
    pages = "209--254",
    year = "2007"
}

@article{Romelsberger:2005eg,
    author = "Romelsberger, Christian",
    title = "{Counting chiral primaries in {$\mathcal{N}=1$}, d=4 superconformal field theories}",
    eprint = "hep-th/0510060",
    archivePrefix = "arXiv",
    doi = "10.1016/j.nuclphysb.2006.03.037",
    journal = "Nucl. Phys. B",
    volume = "747",
    pages = "329--353",
    year = "2006"
}

@article{Hanany:2005ss,
    author = "Hanany, Amihay and Vegh, David",
    title = "{Quivers, tilings, branes and rhombi}",
    eprint = "hep-th/0511063",
    archivePrefix = "arXiv",
    reportNumber = "MIT-CTP-3702",
    doi = "10.1088/1126-6708/2007/10/029",
    journal = "JHEP",
    volume = "10",
    pages = "029",
    year = "2007"
}

@article{Seiberg:1994pq,
    author = "Seiberg, N.",
    title = "{Electric - magnetic duality in supersymmetric nonAbelian gauge theories}",
    eprint = "hep-th/9411149",
    archivePrefix = "arXiv",
    reportNumber = "RU-94-82, IASSNS-HEP-94-98",
    doi = "10.1016/0550-3213(94)00023-8",
    journal = "Nucl. Phys. B",
    volume = "435",
    pages = "129--146",
    year = "1995"
}

@article{Seiberg:1994bz,
    author = "Seiberg, Nathan",
    title = "{Exact results on the space of vacua of four-dimensional SUSY gauge theories}",
    eprint = "hep-th/9402044",
    archivePrefix = "arXiv",
    reportNumber = "RU-94-18",
    doi = "10.1103/PhysRevD.49.6857",
    journal = "Phys. Rev. D",
    volume = "49",
    pages = "6857--6863",
    year = "1994"
}

@article{Yamazaki:2008bt,
    author = "Yamazaki, Masahito",
    title = "{Brane Tilings and Their Applications}",
    eprint = "0803.4474",
    archivePrefix = "arXiv",
    primaryClass = "hep-th",
    reportNumber = "UT-08-05",
    doi = "10.1002/prop.200810536",
    journal = "Fortsch. Phys.",
    volume = "56",
    pages = "555--686",
    year = "2008"
}

@article{Kennaway:2007tq,
    author = "Kennaway, Kristian D.",
    title = "{Brane Tilings}",
    eprint = "0706.1660",
    archivePrefix = "arXiv",
    primaryClass = "hep-th",
    doi = "10.1142/S0217751X07036877",
    journal = "Int. J. Mod. Phys. A",
    volume = "22",
    pages = "2977--3038",
    year = "2007"
}

@article{Franco:2005rj,
    author = "Franco, Sebastian and Hanany, Amihay and Kennaway, Kristian D. and Vegh, David and Wecht, Brian",
    title = "{Brane dimers and quiver gauge theories}",
    eprint = "hep-th/0504110",
    archivePrefix = "arXiv",
    reportNumber = "MIT-CTP-3619",
    doi = "10.1088/1126-6708/2006/01/096",
    journal = "JHEP",
    volume = "01",
    pages = "096",
    year = "2006"
}

@article{Hanany:2005ve,
    author = "Hanany, Amihay and Kennaway, Kristian D.",
    title = "{Dimer models and toric diagrams}",
    eprint = "hep-th/0503149",
    archivePrefix = "arXiv",
    reportNumber = "MIT-CTP-3613",
    month = "3",
    year = "2005"
}

@article{Atiyah:1984px,
    author = "Atiyah, M.F. and Bott, R.",
    title = "{The Moment map and equivariant cohomology}",
    doi = "10.1016/0040-9383(84)90021-1",
    journal = "Topology",
    volume = "23",
    pages = "1--28",
    year = "1984"
}

@article{Duistermaat:1982vw,
    author = "Duistermaat, J.J. and Heckman, G.J.",
    title = "{On the Variation in the cohomology of the symplectic form of the reduced phase space}",
    doi = "10.1007/BF01399506",
    journal = "Invent. Math.",
    volume = "69",
    pages = "259--268",
    year = "1982"
}

@article{Nekrasov:2003rj,
    author = "Nekrasov, Nikita and Okounkov, Andrei",
    title = "{Seiberg-Witten theory and random partitions}",
    eprint = "hep-th/0306238",
    archivePrefix = "arXiv",
    reportNumber = "ITEP-TH-36-03, PUDM-2003, IHES-P-03-43",
    doi = "10.1007/0-8176-4467-9_15",
    journal = "Prog. Math.",
    volume = "244",
    pages = "525--596",
    year = "2006"
}

@article{Nekrasov:2002qd,
    author = "Nekrasov, Nikita A.",
    title = "{Seiberg-Witten prepotential from instanton counting}",
    eprint = "hep-th/0206161",
    archivePrefix = "arXiv",
    reportNumber = "ITEP-TH-22-02, IHES-P-04-22",
    doi = "10.4310/ATMP.2003.v7.n5.a4",
    journal = "Adv. Theor. Math. Phys.",
    volume = "7",
    number = "5",
    pages = "831--864",
    year = "2003"
}

@inbook{Gukov:2014gja,
    author = "Gukov, Sergei",
    editor = {Teschner, J\"org},
    title = "{Surface Operators}",
    booktitle = "{New Dualities of Supersymmetric Gauge Theories}",
    eprint = "1412.7127",
    archivePrefix = "arXiv",
    primaryClass = "hep-th",
    doi = "\vphantom{10.1007/978-3-319-18769-3-8}",
    pages = "223--259",
    year = "2016"
}

@inbook{Okuda:2014fja,
    author = "Okuda, Takuya",
    editor = {Teschner, J\"org},
    title = "{Line operators in supersymmetric gauge theories and the 2d-4d relation}",
    booktitle = "{New Dualities of Supersymmetric Gauge Theories}",
    eprint = "1412.7126",
    archivePrefix = "arXiv",
    primaryClass = "hep-th",
    doi = "\vphantom{10.1007/978-3-319-18769-3-7}",
    pages = "195--222",
    year = "2016"
}

@article{LeFloch:2020uop,
    author = "Le Floch, Bruno",
    title = "{A slow review of the AGT correspondence}",
    eprint = "2006.14025",
    archivePrefix = "arXiv",
    primaryClass = "hep-th",
    month = "6",
    year = "2020"
}

@article{Gadde:2013dda,
    author = "Gadde, Abhijit and Gukov, Sergei",
    title = "{2d Index and Surface operators}",
    eprint = "1305.0266",
    archivePrefix = "arXiv",
    primaryClass = "hep-th",
    reportNumber = "CALT-68.2932",
    doi = "10.1007/JHEP03(2014)080",
    journal = "JHEP",
    volume = "03",
    pages = "080",
    year = "2014"
}

@article{Gaiotto:2012xa,
    author = "Gaiotto, Davide and Rastelli, Leonardo and Razamat, Shlomo S.",
    title = "{Bootstrapping the superconformal index with surface defects}",
    eprint = "1207.3577",
    archivePrefix = "arXiv",
    primaryClass = "hep-th",
    doi = "10.1007/JHEP01(2013)022",
    journal = "JHEP",
    volume = "01",
    pages = "022",
    year = "2013"
}

@article{Yamazaki:2013nra,
    author = "Yamazaki, Masahito",
    title = "{New Integrable Models from the Gauge/YBE Correspondence}",
    eprint = "1307.1128",
    archivePrefix = "arXiv",
    primaryClass = "hep-th",
    reportNumber = "IPMU-13-0134",
    doi = "10.1007/s10955-013-0884-8",
    journal = "J. Statist. Phys.",
    volume = "154",
    pages = "895",
    year = "2014"
}

@article{Yamazaki:2012cp,
    author = "Yamazaki, Masahito",
    title = "{Quivers, YBE and 3-manifolds}",
    eprint = "1203.5784",
    archivePrefix = "arXiv",
    primaryClass = "hep-th",
    reportNumber = "PUPT-2406",
    doi = "10.1007/JHEP05(2012)147",
    journal = "JHEP",
    volume = "05",
    pages = "147",
    year = "2012"
}

@article{Spiridonov:2010em,
    author = "Spiridonov, V.P.",
    title = "{Elliptic beta integrals and solvable models of statistical mechanics}",
    eprint = "1011.3798",
    archivePrefix = "arXiv",
    primaryClass = "hep-th",
    journal = "Contemp. Math.",
    volume = "563",
    pages = "181--211",
    year = "2012"
}

@article{Carqueville:2016nqk,
    author = "Carqueville, Nils",
    title = "{Lecture notes on 2-dimensional defect TQFT}",
    eprint = "1607.05747",
    archivePrefix = "arXiv",
    primaryClass = "math.QA",
    doi = "10.4064/bc114-2",
    journal = "Banach Center Publ.",
    volume = "114",
    pages = "49--84",
    year = "2018"
}

@article{Moore:2006dw,
    author = "Moore, Gregory W. and Segal, Graeme",
    title = "{D-branes and K-theory in 2D topological field theory}",
    eprint = "hep-th/0609042",
    archivePrefix = "arXiv",
    reportNumber = "RUNHETC-06-12",
    month = "8",
    year = "2006"
}

@article{Lazaroiu:2000rk,
    author = "Lazaroiu, C.I.",
    title = "{On the structure of open - closed topological field theory in two-dimensions}",
    eprint = "hep-th/0010269",
    archivePrefix = "arXiv",
    reportNumber = "YITP-SB-00-69",
    doi = "10.1016/S0550-3213(01)00135-3",
    journal = "Nucl. Phys. B",
    volume = "603",
    pages = "497--530",
    year = "2001"
}

@article{Yagi:2016oum,
    author = "Yagi, Junya",
    title = "{Branes and integrable lattice models}",
    eprint = "1610.05584",
    archivePrefix = "arXiv",
    primaryClass = "hep-th",
    doi = "10.1142/S0217732317300038",
    journal = "Mod. Phys. Lett. A",
    volume = "32",
    number = "03",
    pages = "1730003",
    year = "2016"
}

@article{Aharony:1999ti,
    author = "Aharony, Ofer and Gubser, Steven S. and Maldacena, Juan Martin and Ooguri, Hirosi and Oz, Yaron",
    title = "{Large N field theories, string theory and gravity}",
    eprint = "hep-th/9905111",
    archivePrefix = "arXiv",
    reportNumber = "CERN-TH-99-122, HUTP-99-A027, LBNL-43113, RU-99-18, UCB-PTH-99-16, LBL-43113",
    doi = "10.1016/S0370-1573(99)00083-6",
    journal = "Phys. Rept.",
    volume = "323",
    pages = "183--386",
    year = "2000"
}

@article{Witten:1998qj,
    author = "Witten, Edward",
    title = "{Anti-de Sitter space and holography}",
    eprint = "hep-th/9802150",
    archivePrefix = "arXiv",
    reportNumber = "IASSNS-HEP-98-15",
    doi = "10.4310/ATMP.1998.v2.n2.a2",
    journal = "Adv. Theor. Math. Phys.",
    volume = "2",
    pages = "253--291",
    year = "1998"
}

@article{Gubser:1998bc,
    author = "Gubser, S.S. and Klebanov, Igor R. and Polyakov, Alexander M.",
    title = "{Gauge theory correlators from noncritical string theory}",
    eprint = "hep-th/9802109",
    archivePrefix = "arXiv",
    reportNumber = "PUPT-1767",
    doi = "10.1016/S0370-2693(98)00377-3",
    journal = "Phys. Lett. B",
    volume = "428",
    pages = "105--114",
    year = "1998"
}

@article{Maldacena:1997re,
    author = "Maldacena, Juan Martin",
    title = "{The Large N limit of superconformal field theories and supergravity}",
    eprint = "hep-th/9711200",
    archivePrefix = "arXiv",
    reportNumber = "HUTP-97-A097, HUTP-98-A097",
    doi = "10.1023/A:1026654312961",
    journal = "Int. J. Theor. Phys.",
    volume = "38",
    pages = "1113--1133",
    year = "1999"
}

@article{Witten:1995em,
    author = "Witten, Edward",
    title = "{Five-branes and M theory on an orbifold}",
    eprint = "hep-th/9512219",
    archivePrefix = "arXiv",
    reportNumber = "IASSNS-HEP-96-01",
    doi = "10.1016/0550-3213(96)00032-6",
    journal = "Nucl. Phys. B",
    volume = "463",
    pages = "383--397",
    year = "1996"
}

@article{Strominger:1995ac,
    author = "Strominger, Andrew",
    title = "{Open p-branes}",
    eprint = "hep-th/9512059",
    archivePrefix = "arXiv",
    doi = "10.1016/0370-2693(96)00712-5",
    journal = "Phys. Lett. B",
    volume = "383",
    pages = "44--47",
    year = "1996"
}

@inproceedings{Witten:1995zh,
    author = "Witten, Edward",
    title = "{Some comments on string dynamics}",
    booktitle = "{STRINGS 95: Future Perspectives in String Theory}",
    eprint = "hep-th/9507121",
    archivePrefix = "arXiv",
    reportNumber = "IASSNS-HEP-95-63",
    pages = "501--523",
    month = "7",
    year = "1995"
}

@book{Hori:2003ic,
    author = "Hori, K. and Katz, S. and Klemm, A. and Pandharipande, R. and Thomas, R. and Vafa, C. and Vakil, R. and Zaslow, E.",
    title = "{Mirror symmetry}",
    publisher = "AMS",
    address = "Providence, USA",
    series = "Clay mathematics monographs",
    volume = "1",
    year = "2003"
}

@article{Turaev:1992hq,
    author = "Turaev, V.G. and Viro, O.Y.",
    title = "{State sum invariants of 3 manifolds and quantum 6j symbols}",
    doi = "10.1016/0040-9383(92)90015-A",
    journal = "Topology",
    volume = "31",
    pages = "865--902",
    year = "1992"
}

@article{Reshetikhin:1991tc,
    author = "Reshetikhin, N. and Turaev, V.G.",
    title = "{Invariants of three manifolds via link polynomials and quantum groups}",
    doi = "10.1007/BF01239527",
    journal = "Invent. Math.",
    volume = "103",
    pages = "547--597",
    year = "1991"
}

@article {MR1167165,
    AUTHOR = {Kohno, Toshitake},
     TITLE = {Topological invariants for {$3$}-manifolds using
              representations of mapping class groups. {I}},
   JOURNAL = {Topology},
  FJOURNAL = {Topology. An International Journal of Mathematics},
    VOLUME = {31},
      YEAR = {1992},
    NUMBER = {2},
     PAGES = {203--230},
      ISSN = {0040-9383},
   MRCLASS = {57N10 (57M25 57N05 81T40)},
  MRNUMBER = {1167165},
MRREVIEWER = {Bogus\l aw Broda},
       DOI = {10.1016/0040-9383(92)90016-B},
       URL = {https://doi.org/10.1016/0040-9383(92)90016-B},
}

@article{Knizhnik:1984nr,
    author = "Knizhnik, V.G. and Zamolodchikov, A.B.",
    editor = "Khalatnikov, I.M. and Mineev, V.P.",
    title = "{Current Algebra and Wess-Zumino Model in Two-Dimensions}",
    doi = "10.1016/0550-3213(84)90374-2",
    journal = "Nucl. Phys. B",
    volume = "247",
    pages = "83--103",
    year = "1984"
}

<<<<<<< HEAD
@book {MR2037238,
    AUTHOR = {Kock, Joachim},
     TITLE = {Frobenius algebras and 2{D} topological quantum field
              theories},
    SERIES = {London Mathematical Society Student Texts},
    VOLUME = {59},
 PUBLISHER = {Cambridge University Press, Cambridge},
      YEAR = {2004},
     PAGES = {xiv+240},
      ISBN = {0-521-83267-5; 0-521-54031-3},
   MRCLASS = {57R56 (16L60 18D10 53D45 81T45)},
  MRNUMBER = {2037238},
MRREVIEWER = {Lowell Abrams},
}

=======
>>>>>>> dissertation
@inproceedings{Segal:2002ei,
    author = "Segal, G.",
    title = "{The definition of conformal field theory}",
    booktitle = "{Symposium on Topology, Geometry and Quantum Field Theory}",
    pages = "421--575",
    month = "6",
    year = "2002"
}

@article{Witten:1988hf,
    author = "Witten, Edward",
    editor = "Mitra, Asoke N.",
    title = "{Quantum Field Theory and the Jones Polynomial}",
    reportNumber = "IASSNS-HEP-88-33",
    doi = "10.1007/BF01217730",
    journal = "Commun. Math. Phys.",
    volume = "121",
    pages = "351--399",
    year = "1989"
}

@article{Witten:1988ze,
    author = "Witten, Edward",
    title = "{Topological Quantum Field Theory}",
    reportNumber = "IASSNS-HEP-87-72",
    doi = "10.1007/BF01223371",
    journal = "Commun. Math. Phys.",
    volume = "117",
    pages = "353",
    year = "1988"
}

@article{Witten:1988xj,
    author = "Witten, Edward",
    title = "{Topological Sigma Models}",
    reportNumber = "IASSNS-HEP-88/7",
    doi = "10.1007/BF01466725",
    journal = "Commun. Math. Phys.",
    volume = "118",
    pages = "411",
    year = "1988"
}

@article{Friedan:1986ua,
    author = "Friedan, Daniel and Shenker, Stephen H.",
    title = "{The Analytic Geometry of Two-Dimensional Conformal Field Theory}",
    reportNumber = "EFI-86-18A-CHICAGO",
    doi = "10.1016/0550-3213(87)90418-4",
    journal = "Nucl. Phys. B",
    volume = "281",
    pages = "509--545",
    year = "1987"
}

@article{Belavin:1984vu,
    author = "Belavin, A.A. and Polyakov, Alexander M. and Zamolodchikov, A.B.",
    editor = "Khalatnikov, I.M. and Mineev, V.P.",
    title = "{Infinite Conformal Symmetry in Two-Dimensional Quantum Field Theory}",
    reportNumber = "CERN-TH-3827",
    doi = "10.1016/0550-3213(84)90052-X",
    journal = "Nucl. Phys. B",
    volume = "241",
    pages = "333--380",
    year = "1984"
}

@article{Dai:1994kq,
    author = "Dai, Xian-zhe and Freed, Daniel S.",
    title = "{eta invariants and determinant lines}",
    eprint = "hep-th/9405012",
    archivePrefix = "arXiv",
    doi = "10.1063/1.530747",
    journal = "J. Math. Phys.",
    volume = "35",
    pages = "5155--5194",
    year = "1994",
    note = "[Erratum: J.Math.Phys. 42, 2343--2344 (2001)]"
}

@article{Atiyah:1989vu,
    author = "Atiyah, M.",
    title = "{Topological quantum field theories}",
    doi = "10.1007/BF02698547",
    journal = "Inst. Hautes Etudes Sci. Publ. Math.",
    volume = "68",
    pages = "175--186",
    year = "1989"
}

@article{Yagi:2015lha,
    author = "Yagi, Junya",
    title = "{Quiver gauge theories and integrable lattice models}",
    eprint = "1504.04055",
    archivePrefix = "arXiv",
    primaryClass = "hep-th",
    reportNumber = "SISSA-24-2015-FISI",
    doi = "10.1007/JHEP10(2015)065",
    journal = "JHEP",
    volume = "10",
    pages = "065",
    year = "2015"
}






@article{Gadde:2013sca,
    author = "Gadde, Abhijit and Gukov, Sergei and Putrov, Pavel",
    editor = "Ballmann, Werner and Blohmann, Christian and Faltings, Gerd and Teichner, Peter and Zagier, Don",
    title = "{Fivebranes and 4-manifolds}",
    eprint = "1306.4320",
    archivePrefix = "arXiv",
    primaryClass = "hep-th",
    reportNumber = "CALT-68-2904",
    doi = "10.1007/978-3-319-43648-7_7",
    journal = "Prog. Math.",
    volume = "319",
    pages = "155--245",
    year = "2016"
}

@article{Yagi:2013fda,
    author = "Yagi, Junya",
    title = "{3d TQFT from 6d SCFT}",
    eprint = "1305.0291",
    archivePrefix = "arXiv",
    primaryClass = "hep-th",
    doi = "10.1007/JHEP08(2013)017",
    journal = "JHEP",
    volume = "08",
    pages = "017",
    year = "2013"
}

@article{Terashima:2012cx,
    author = "Terashima, Yuji and Yamazaki, Masahito",
    title = "{Emergent 3-manifolds from 4d Superconformal Indices}",
    eprint = "1203.5792",
    archivePrefix = "arXiv",
    primaryClass = "hep-th",
    reportNumber = "PUPT-2408",
    doi = "10.1103/PhysRevLett.109.091602",
    journal = "Phys. Rev. Lett.",
    volume = "109",
    pages = "091602",
    year = "2012"
}

@article{Terashima:2011qi,
    author = "Terashima, Yuji and Yamazaki, Masahito",
    title = "{{${\rm SL}(2,\mathbb{R})$} Chern-Simons, Liouville, and Gauge Theory on Duality Walls}",
    eprint = "1103.5748",
    archivePrefix = "arXiv",
    primaryClass = "hep-th",
    reportNumber = "PUPT-2368",
    doi = "10.1007/JHEP08(2011)135",
    journal = "JHEP",
    volume = "08",
    pages = "135",
    year = "2011"
}

@article{Dimofte:2011py,
    author = "Dimofte, Tudor and Gaiotto, Davide and Gukov, Sergei",
    title = "{3-Manifolds and 3d Indices}",
    eprint = "1112.5179",
    archivePrefix = "arXiv",
    primaryClass = "hep-th",
    doi = "10.4310/ATMP.2013.v17.n5.a3",
    journal = "Adv. Theor. Math. Phys.",
    volume = "17",
    number = "5",
    pages = "975--1076",
    year = "2013"
}

@article{Dimofte:2011ju,
    author = "Dimofte, Tudor and Gaiotto, Davide and Gukov, Sergei",
    title = "{Gauge Theories Labelled by Three-Manifolds}",
    eprint = "1108.4389",
    archivePrefix = "arXiv",
    primaryClass = "hep-th",
    reportNumber = "CALT-68-2847",
    doi = "10.1007/s00220-013-1863-2",
    journal = "Commun. Math. Phys.",
    volume = "325",
    pages = "367--419",
    year = "2014"
}

@article{Dimofte:2010tz,
    author = "Dimofte, Tudor and Gukov, Sergei and Hollands, Lotte",
    title = "{Vortex Counting and Lagrangian 3-manifolds}",
    eprint = "1006.0977",
    archivePrefix = "arXiv",
    primaryClass = "hep-th",
    doi = "10.1007/s11005-011-0531-8",
    journal = "Lett. Math. Phys.",
    volume = "98",
    pages = "225--287",
    year = "2011"
}

@article{Gadde:2011ik,
    author = "Gadde, Abhijit and Rastelli, Leonardo and Razamat, Shlomo S. and Yan, Wenbin",
    title = "{The 4d Superconformal Index from q-deformed 2d Yang-Mills}",
    eprint = "1104.3850",
    archivePrefix = "arXiv",
    primaryClass = "hep-th",
    reportNumber = "YITP-SB-11-13",
    doi = "10.1103/PhysRevLett.106.241602",
    journal = "Phys. Rev. Lett.",
    volume = "106",
    pages = "241602",
    year = "2011"
}

@article{Gadde:2009kb,
    author = "Gadde, Abhijit and Pomoni, Elli and Rastelli, Leonardo and Razamat, Shlomo S.",
    title = "{S-duality and 2d Topological QFT}",
    eprint = "0910.2225",
    archivePrefix = "arXiv",
    primaryClass = "hep-th",
    reportNumber = "YITP-SB-09-30",
    doi = "10.1007/JHEP03(2010)032",
    journal = "JHEP",
    volume = "03",
    pages = "032",
    year = "2010"
}

@article{Hellerman:2011mv,
    author = "Hellerman, Simeon and Orlando, Domenico and Reffert, Susanne",
    title = "{String theory of the Omega deformation}",
    eprint = "1106.0279",
    archivePrefix = "arXiv",
    primaryClass = "hep-th",
    doi = "10.1007/JHEP01(2012)148",
    journal = "JHEP",
    volume = "01",
    pages = "148",
    year = "2012"
}

@article{Bullimore:2014nla,
    author = "Bullimore, Mathew and Fluder, Martin and Hollands, Lotte and Richmond, Paul",
    title = "{The superconformal index and an elliptic algebra of surface defects}",
    eprint = "1401.3379",
    archivePrefix = "arXiv",
    primaryClass = "hep-th",
    doi = "10.1007/JHEP10(2014)062",
    journal = "JHEP",
    volume = "10",
    pages = "062",
    year = "2014"
}

@article{Maruyoshi:2016caf,
    author = "Maruyoshi, Kazunobu and Yagi, Junya",
    title = "{Surface defects as transfer matrices}",
    eprint = "1606.01041",
    archivePrefix = "arXiv",
    primaryClass = "hep-th",
    reportNumber = "IMPERIAL-TP-16-KM-01",
    doi = "10.1093/ptep/ptw151",
    journal = "PTEP",
    volume = "2016",
    number = "11",
    pages = "113B01",
    year = "2016"
}

@article{Yagi:2017hmj,
    author = "Yagi, Junya",
    title = "{Surface defects and elliptic quantum groups}",
    eprint = "1701.05562",
    archivePrefix = "arXiv",
    primaryClass = "hep-th",
    doi = "10.1007/JHEP06(2017)013",
    journal = "JHEP",
    volume = "06",
    pages = "013",
    year = "2017"
}

@article{Kapustin:2005py,
    author = "Kapustin, Anton",
    title = "{Wilson-'t Hooft operators in four-dimensional gauge theories and S-duality}",
    eprint = "hep-th/0501015",
    archivePrefix = "arXiv",
    reportNumber = "CALT-68-2536",
    doi = "10.1103/PhysRevD.74.025005",
    journal = "Phys. Rev. D",
    volume = "74",
    pages = "025005",
    year = "2006"
}

@article{Pestun:2016zxk,
    author = "Pestun, Vasily and others",
    title = "{Localization techniques in quantum field theories}",
    eprint = "1608.02952",
    archivePrefix = "arXiv",
    primaryClass = "hep-th",
    doi = "10.1088/1751-8121/aa63c1",
    journal = "J. Phys. A",
    volume = "50",
    number = "44",
    pages = "440301",
    year = "2017"
}

@article{Gaiotto:2010be,
    author = "Gaiotto, Davide and Moore, Gregory W. and Neitzke, Andrew",
    title = "{Framed BPS States}",
    eprint = "1006.0146",
    archivePrefix = "arXiv",
    primaryClass = "hep-th",
    doi = "10.4310/ATMP.2013.v17.n2.a1",
    journal = "Adv. Theor. Math. Phys.",
    volume = "17",
    number = "2",
    pages = "241--397",
    year = "2013"
}

@article{Ito:2011ea,
    author = "Ito, Yuto and Okuda, Takuya and Taki, Masato",
    title = "{Line operators on {$S^{1} \times \mathbb{R}^{3}$} and quantization of the Hitchin moduli space}",
    eprint = "1111.4221",
    archivePrefix = "arXiv",
    primaryClass = "hep-th",
    reportNumber = "UT-KOMABA-11-12, YITP-11-96",
    doi = "10.1007/JHEP03(2016)085",
    journal = "JHEP",
    volume = "04",
    pages = "010",
    year = "2012",
    note = "[Erratum: JHEP 03, 085 (2016)]"
}

@article{Alday:2009aq,
    author = "Alday, Luis F. and Gaiotto, Davide and Tachikawa, Yuji",
    title = "{Liouville Correlation Functions from Four-dimensional Gauge Theories}",
    eprint = "0906.3219",
    archivePrefix = "arXiv",
    primaryClass = "hep-th",
    doi = "10.1007/s11005-010-0369-5",
    journal = "Lett. Math. Phys.",
    volume = "91",
    pages = "167--197",
    year = "2010"
}

@article{Wyllard:2009hg,
    author = "Wyllard, Niclas",
    title = "{$A_{N-1}$ conformal Toda field theory correlation functions from conformal {$\mathcal{N} = 2$} SU(N) quiver gauge theories}",
    eprint = "0907.2189",
    archivePrefix = "arXiv",
    primaryClass = "hep-th",
    doi = "10.1088/1126-6708/2009/11/002",
    journal = "JHEP",
    volume = "11",
    pages = "002",
    year = "2009"
}

@article{Alday:2009fs,
    author = "Alday, Luis F. and Gaiotto, Davide and Gukov, Sergei and Tachikawa, Yuji and Verlinde, Herman",
    title = "{Loop and surface operators in {$\mathcal{N}=2$} gauge theory and Liouville modular geometry}",
    eprint = "0909.0945",
    archivePrefix = "arXiv",
    primaryClass = "hep-th",
    reportNumber = "CALT-68-2741, PUPT-2311",
    doi = "10.1007/JHEP01(2010)113",
    journal = "JHEP",
    volume = "01",
    pages = "113",
    year = "2010"
}

@article{Drukker:2009id,
    author = "Drukker, Nadav and Gomis, Jaume and Okuda, Takuya and Teschner, Joerg",
    title = "{Gauge Theory Loop Operators and Liouville Theory}",
    eprint = "0909.1105",
    archivePrefix = "arXiv",
    primaryClass = "hep-th",
    reportNumber = "DESY-09-169, HU-EP-09-40, PI-STRINGS-144",
    doi = "10.1007/JHEP02(2010)057",
    journal = "JHEP",
    volume = "02",
    pages = "057",
    year = "2010"
}

@article{Drukker:2009tz,
    author = "Drukker, Nadav and Morrison, David R. and Okuda, Takuya",
    title = "{Loop operators and S-duality from curves on Riemann surfaces}",
    eprint = "0907.2593",
    archivePrefix = "arXiv",
    primaryClass = "hep-th",
    reportNumber = "HU-EP-09-29, NSF-KITP-09-111",
    doi = "10.1088/1126-6708/2009/09/031",
    journal = "JHEP",
    volume = "09",
    pages = "031",
    year = "2009"
}

@article{Gomis:2010kv,
    author = "Gomis, Jaume and Le Floch, Bruno",
    title = "{'t Hooft Operators in Gauge Theory from Toda CFT}",
    eprint = "1008.4139",
    archivePrefix = "arXiv",
    primaryClass = "hep-th",
    doi = "10.1007/JHEP11(2011)114",
    journal = "JHEP",
    volume = "11",
    pages = "114",
    year = "2011"
}

@article{Verlinde:1988sn,
    author = "Verlinde, Erik P.",
    title = "{Fusion Rules and Modular Transformations in 2D Conformal Field Theory}",
    reportNumber = "THU-88/17",
    doi = "10.1016/0550-3213(88)90603-7",
    journal = "Nucl. Phys. B",
    volume = "300",
    pages = "360--376",
    year = "1988"
}

@article{Costello:2013zra,
    author = "Costello, Kevin",
    title = "{Supersymmetric gauge theory and the Yangian}",
    eprint = "1303.2632",
    archivePrefix = "arXiv",
    primaryClass = "hep-th",
    month = "3",
    year = "2013"
}

@article{Costello:2013sla,
    author = "Costello, Kevin",
    editor = "Donagi, Ron and Douglas, Michael R. and Kamenova, Ljudmila and Rocek, Martin",
    title = "{Integrable lattice models from four-dimensional field theories}",
    eprint = "1308.0370",
    archivePrefix = "arXiv",
    primaryClass = "hep-th",
    doi = "10.1090/pspum/088/01483",
    journal = "Proc. Symp. Pure Math.",
    volume = "88",
    pages = "3--24",
    year = "2014"
}

@article{Costello:2017dso,
    author = "Costello, Kevin and Witten, Edward and Yamazaki, Masahito",
    title = "{Gauge Theory and Integrability, I}",
    eprint = "1709.09993",
    archivePrefix = "arXiv",
    primaryClass = "hep-th",
    reportNumber = "IPMU17-0136",
    doi = "10.4310/ICCM.2018.v6.n1.a6",
    month = "9",
    year = "2017"
}

@article{Costello:2018gyb,
    author = "Costello, Kevin and Witten, Edward and Yamazaki, Masahito",
    title = "{Gauge Theory and Integrability, II}",
    eprint = "1802.01579",
    archivePrefix = "arXiv",
    primaryClass = "hep-th",
    reportNumber = "IPMU18-0025",
    doi = "10.4310/ICCM.2018.v6.n1.a7",
    month = "2",
    year = "2018"
}

@article{Costello:2019tri,
    author = "Costello, Kevin and Yamazaki, Masahito",
    title = "{Gauge Theory And Integrability, III}",
    eprint = "1908.02289",
    archivePrefix = "arXiv",
    primaryClass = "hep-th",
    reportNumber = "IPMU19-0110",
    month = "8",
    year = "2019"
}

@article{Costello:2018txb,
    author = "Costello, Kevin and Yagi, Junya",
    title = "{Unification of integrability in supersymmetric gauge theories}",
    eprint = "1810.01970",
    archivePrefix = "arXiv",
    primaryClass = "hep-th",
    month = "10",
    year = "2018"
}

@inproceedings{Felder:1994be,
    author = "Felder, Giovanni",
    title = "{Elliptic quantum groups}",
    booktitle = "{11th International Conference on Mathematical Physics (ICMP-11) (Satellite colloquia: New Problems in the General Theory of Fields and Particles, Paris, France, 25-28 Jul 1994)}",
    eprint = "hep-th/9412207",
    archivePrefix = "arXiv",
    pages = "211--218",
    month = "7",
    year = "1994"
}

@article{Felder:1994pb,
    author = "Felder, Giovanni",
    title = "{Conformal field theory and integrable systems associated to elliptic curves}",
    eprint = "hep-th/9407154",
    archivePrefix = "arXiv",
    month = "7",
    year = "1994"
}

@article {MR1645196,
    AUTHOR = {Etingof, Pavel and Varchenko, Alexander},
     TITLE = {Solutions of the quantum dynamical {Y}ang-{B}axter equation
              and dynamical quantum groups},
   JOURNAL = {Comm. Math. Phys.},
  FJOURNAL = {Communications in Mathematical Physics},
    VOLUME = {196},
      YEAR = {1998},
    NUMBER = {3},
     PAGES = {591--640},
      ISSN = {0010-3616},
   MRCLASS = {17B37 (17B80 17B81 81R50 82B23)},
  MRNUMBER = {1645196},
       DOI = {10.1007/s002200050437},
       URL = {https://doi.org/10.1007/s002200050437},
}

@article{Belavin:1981ix,
    author = "Belavin, A.A.",
    title = "{Dynamical Symmetry of Integrable Quantum Systems}",
    doi = "10.1016/0550-3213(81)90414-4",
    journal = "Nucl. Phys. B",
    volume = "180",
    pages = "189--200",
    year = "1981"
}

@article{Baxter:1971cr,
    author = "Baxter, R.J.",
    title = "{Eight-Vertex Model in Lattice Statistics}",
    doi = "10.1103/PhysRevLett.26.832",
    journal = "Phys. Rev. Lett.",
    volume = "26",
    pages = "832--833",
    year = "1971"
}

@article{Baxter:1972hz,
    author = "Baxter, Rodney J.",
    title = "{Partition function of the eight vertex lattice model}",
    doi = "10.1016/0003-4916(72)90335-1",
    journal = "Annals Phys.",
    volume = "70",
    pages = "193--228",
    year = "1972"
}

@article {MR1463830,
    AUTHOR = {Hasegawa, Koji},
     TITLE = {Ruijsenaars' commuting difference operators as commuting
              transfer matrices},
   JOURNAL = {Comm. Math. Phys.},
  FJOURNAL = {Communications in Mathematical Physics},
    VOLUME = {187},
      YEAR = {1997},
    NUMBER = {2},
     PAGES = {289--325},
      ISSN = {0010-3616},
   MRCLASS = {82B23 (17B37 39A70 81R10 81R50)},
  MRNUMBER = {1463830},
MRREVIEWER = {Rinat Kedem},
       DOI = {10.1007/s002200050137},
       URL = {https://doi.org/10.1007/s002200050137},
}

@article{Baxter:1972wf,
    author = "Baxter, Rodney J.",
    title = "{Eight vertex model in lattice statistics and one-dimensional anisotropic Heisenberg chain. 2. Equivalence to a generalized ice-type lattice model}",
    doi = "10.1016/0003-4916(73)90440-5",
    journal = "Annals Phys.",
    volume = "76",
    pages = "25--47",
    year = "1973"
}

@article {MR908997,
    AUTHOR = {Jimbo, Michio and Miwa, Tetsuji and Okado, Masato},
     TITLE = {Solvable lattice models whose states are dominant integral
              weights of {$A^{(1)}_{n-1}$}},
   JOURNAL = {Lett. Math. Phys.},
  FJOURNAL = {Letters in Mathematical Physics. A Journal for the Rapid
              Dissemination of Short Contributions in the Field of
              Mathematical Physics},
    VOLUME = {14},
      YEAR = {1987},
    NUMBER = {2},
     PAGES = {123--131},
      ISSN = {0377-9017},
   MRCLASS = {82A69 (17B67 82A68)},
  MRNUMBER = {908997},
MRREVIEWER = {F. W. Nijhoff},
       DOI = {10.1007/BF00420302},
       URL = {https://doi.org/10.1007/BF00420302},
}

@article{Jimbo:1987mu,
    author = "Jimbo, Michio and Miwa, Tetsuji and Okado, Masato",
    title = "{Local state probabilities of solvable
  lattice models: an {$A^{(1)}_{n-1}$} family}",
    reportNumber = "RIMS-594",
    doi = "10.1016/0550-3213(88)90587-1",
    journal = "Nucl. Phys. B",
    volume = "300",
    pages = "74--108",
    year = "1988"
}

@article{Bazhanov:2010kz,
    author = "Bazhanov, Vladimir V. and Sergeev, Sergey M.",
    title = "{A Master solution of the quantum Yang-Baxter equation and classical discrete integrable equations}",
    eprint = "1006.0651",
    archivePrefix = "arXiv",
    primaryClass = "math-ph",
    doi = "10.4310/ATMP.2012.v16.n1.a3",
    journal = "Adv. Theor. Math. Phys.",
    volume = "16",
    number = "1",
    pages = "65--95",
    year = "2012"
}

@article{Bazhanov:2011mz,
    author = "Bazhanov, Vladimir V. and Sergeev, Sergey M.",
    title = "{Elliptic gamma-function and multi-spin solutions of the Yang-Baxter equation}",
    eprint = "1106.5874",
    archivePrefix = "arXiv",
    primaryClass = "math-ph",
    doi = "10.1016/j.nuclphysb.2011.10.032",
    journal = "Nucl. Phys. B",
    volume = "856",
    pages = "475--496",
    year = "2012"
}

@article{Brennan:2019hzm,
    author = "Brennan, T. Daniel and Moore, Gregory W.",
    title = "{Index-Like Theorems from Line Defect Vevs}",
    eprint = "1903.08172",
    archivePrefix = "arXiv",
    primaryClass = "hep-th",
    doi = "10.1007/JHEP09(2019)073",
    journal = "JHEP",
    volume = "09",
    pages = "073",
    year = "2019"
}

@article{Brennan:2018yuj,
    author = "Brennan, T. Daniel and Dey, Anindya and Moore, Gregory W.",
    title = "{On 't Hooft defects, monopole bubbling and supersymmetric quantum mechanics}",
    eprint = "1801.01986",
    archivePrefix = "arXiv",
    primaryClass = "hep-th",
    doi = "10.1007/JHEP09(2018)014",
    journal = "JHEP",
    volume = "09",
    pages = "014",
    year = "2018"
}

@article{Brennan:2018moe,
    author = "Brennan, T. Daniel",
    title = "{Monopole Bubbling via String Theory}",
    eprint = "1806.00024",
    archivePrefix = "arXiv",
    primaryClass = "hep-th",
    doi = "10.1007/JHEP11(2018)126",
    journal = "JHEP",
    volume = "11",
    pages = "126",
    year = "2018"
}

@article{Brennan:2018rcn,
    author = "Brennan, T. Daniel and Dey, Anindya and Moore, Gregory W.",
    title = "{'t Hooft defects and wall crossing in SQM}",
    eprint = "1810.07191",
    archivePrefix = "arXiv",
    primaryClass = "hep-th",
    doi = "10.1007/JHEP10(2019)173",
    journal = "JHEP",
    volume = "10",
    pages = "173",
    year = "2019"
}

@article{Assel:2019iae,
    author = "Assel, Benjamin and Sciarappa, Antonio",
    title = "{On monopole bubbling contributions to 't Hooft loops}",
    eprint = "1903.00376",
    archivePrefix = "arXiv",
    primaryClass = "hep-th",
    reportNumber = "KIAS-P19013, CERN-TH-2019-022",
    doi = "10.1007/JHEP05(2019)180",
    journal = "JHEP",
    volume = "05",
    pages = "180",
    year = "2019"
}

@article{Ruijsenaars:1986pp,
    author = "Ruijsenaars, S.N.M.",
    title = "{Complete Integrability of Relativistic Calogero-moser Systems and Elliptic Function Identities}",
    reportNumber = "MPI-PAE/PTh 26/86",
    doi = "10.1007/BF01207363",
    journal = "Commun. Math. Phys.",
    volume = "110",
    pages = "191",
    year = "1987"
}

@article{Hayashi:2019rpw,
    author = "Hayashi, Hirotaka and Okuda, Takuya and Yoshida, Yutaka",
    title = "{Wall-crossing and operator ordering for 't Hooft operators in $ \mathcal{N} = 2$ gauge theories}",
    eprint = "1905.11305",
    archivePrefix = "arXiv",
    primaryClass = "hep-th",
    reportNumber = "UT-Komaba-19-2, IPMU19-0058",
    doi = "10.1007/JHEP11(2019)116",
    journal = "JHEP",
    volume = "11",
    pages = "116",
    year = "2019"
}

@article{Gaiotto:2009we,
    author = "Gaiotto, Davide",
    title = "{$N=2$ dualities}",
    eprint = "0904.2715",
    archivePrefix = "arXiv",
    primaryClass = "hep-th",
    doi = "10.1007/JHEP08(2012)034",
    journal = "JHEP",
    volume = "08",
    pages = "034",
    year = "2012"
}

@article{Gaiotto:2009hg,
    author = "Gaiotto, Davide and Moore, Gregory W. and Neitzke, Andrew",
    title = "{Wall-crossing, Hitchin Systems, and the WKB Approximation}",
    eprint = "0907.3987",
    archivePrefix = "arXiv",
    primaryClass = "hep-th",
    month = "7",
    year = "2009"
}

@article{Gaiotto:2008cd,
    author = "Gaiotto, Davide and Moore, Gregory W. and Neitzke, Andrew",
    title = "{Four-dimensional wall-crossing via three-dimensional field theory}",
    eprint = "0807.4723",
    archivePrefix = "arXiv",
    primaryClass = "hep-th",
    doi = "10.1007/s00220-010-1071-2",
    journal = "Commun. Math. Phys.",
    volume = "299",
    pages = "163--224",
    year = "2010"
}

@article{Witten:1997sc,
    author = "Witten, Edward",
    title = "{Solutions of four-dimensional field theories via $M$ theory}",
    eprint = "hep-th/9703166",
    archivePrefix = "arXiv",
    reportNumber = "IASSNS-HEP-97-19",
    doi = "10.1016/S0550-3213(97)00416-1",
    journal = "Nucl. Phys. B",
    volume = "500",
    pages = "3--42",
    year = "1997"
}

@article{Yagi:2014toa,
    author = "Yagi, Junya",
    title = "{$\Omega$-deformation and quantization}",
    eprint = "1405.6714",
    archivePrefix = "arXiv",
    primaryClass = "hep-th",
    reportNumber = "SISSA-31-2014-FISI",
    doi = "10.1007/JHEP08(2014)112",
    journal = "JHEP",
    volume = "08",
    pages = "112",
    year = "2014"
}


@article{Witten:2016spx,
    author = "Witten, Edward",
    title = "{Integrable Lattice Models From Gauge Theory}",
    eprint = "1611.00592",
    archivePrefix = "arXiv",
    primaryClass = "hep-th",
    doi = "10.4310/ATMP.2017.v21.n7.a10",
    journal = "Adv. Theor. Math. Phys.",
    volume = "21",
    pages = "1819--1843",
    year = "2017"
}

@article{Wadati:1989ud,
    author = "Wadati, Miki and Deguchi, Tetsuo and Akutsu, Yasuhiro",
    title = "{Exactly Solvable Models and Knot Theory}",
    reportNumber = "PRINT-89-0113 (TOKYO-U.,KOMABA)",
    doi = "10.1016/0370-1573(89)90123-3",
    journal = "Phys. Rept.",
    volume = "180",
    pages = "247",
    year = "1989"
}

@article{Nekrasov:2015wsu,
    author = "Nekrasov, Nikita",
    title = "{BPS/CFT correspondence: non-perturbative Dyson-Schwinger equations and qq-characters}",
    eprint = "1512.05388",
    archivePrefix = "arXiv",
    primaryClass = "hep-th",
    doi = "10.1007/JHEP03(2016)181",
    journal = "JHEP",
    volume = "03",
    pages = "181",
    year = "2016"
}

@article{Nekrasov:2011bc,
    author = "Nekrasov, N. and Rosly, A. and Shatashvili, S.",
    editor = "Baulieu, Laurent and de Boer, Jan and Douglas, Michael and Rabinovici, Eliezer and Vanhove, Pierre and Windey, Paul",
    title = "{Darboux coordinates, Yang-Yang functional, and gauge theory}",
    eprint = "1103.3919",
    archivePrefix = "arXiv",
    primaryClass = "hep-th",
    doi = "10.1016/j.nuclphysbps.2011.04.150",
    journal = "Nucl. Phys. B Proc. Suppl.",
    volume = "216",
    pages = "69--93",
    year = "2011"
}

@article{Nekrasov:2010ka,
    author = "Nekrasov, Nikita and Witten, Edward",
    title = "{The Omega Deformation, Branes, Integrability, and Liouville Theory}",
    eprint = "1002.0888",
    archivePrefix = "arXiv",
    primaryClass = "hep-th",
    doi = "10.1007/JHEP09(2010)092",
    journal = "JHEP",
    volume = "09",
    pages = "092",
    year = "2010"
}

@inproceedings{Nekrasov:2009rc,
    author = "Nekrasov, Nikita A. and Shatashvili, Samson L.",
    title = "{Quantization of Integrable Systems and Four Dimensional Gauge Theories}",
    booktitle = "{16th International Congress on Mathematical Physics}",
    eprint = "0908.4052",
    archivePrefix = "arXiv",
    primaryClass = "hep-th",
    reportNumber = "TCD-MATH-09-19, HMI-09-09, IHES-P-09-38",
    doi = "10.1142/9789814304634_0015",
    pages = "265--289",
    month = "8",
    year = "2009"
}

@article{Nekrasov:2009ui,
    author = "Nekrasov, Nikita A. and Shatashvili, Samson L.",
    editor = "Takayanagi, Tadashi and Yahikozawa, Shigeaki",
    title = "{Quantum integrability and supersymmetric vacua}",
    eprint = "0901.4748",
    archivePrefix = "arXiv",
    primaryClass = "hep-th",
    reportNumber = "IHES-P-08-59, TCD-MATH-09-05, HMI-09-02, NSF-KITP-09-12",
    doi = "10.1143/PTPS.177.105",
    journal = "Prog. Theor. Phys. Suppl.",
    volume = "177",
    pages = "105--119",
    year = "2009"
}

@article{Nekrasov:2009uh,
    author = "Nekrasov, Nikita A. and Shatashvili, Samson L.",
    editor = "Baulieu, L. and de Boer, J. and Douglas, M.R. and Rabinovici, E. and Vanhove, P. and Windey, P.",
    title = "{Supersymmetric vacua and Bethe ansatz}",
    eprint = "0901.4744",
    archivePrefix = "arXiv",
    primaryClass = "hep-th",
    reportNumber = "IHES-P-09-09, TCD-MATH-09-04, HMI-09-01, NSF-KITP-09-11",
    doi = "10.1016/j.nuclphysbps.2009.07.047",
    journal = "Nucl. Phys. B Proc. Suppl.",
    volume = "192-193",
    pages = "91--112",
    year = "2009"
}

@article{Teschner:2010je,
    author = "Teschner, J.",
    title = "{Quantization of the Hitchin moduli spaces, Liouville theory, and the geometric Langlands correspondence I}",
    eprint = "1005.2846",
    archivePrefix = "arXiv",
    primaryClass = "hep-th",
    reportNumber = "DESY-10-070",
    doi = "10.4310/ATMP.2011.v15.n2.a6",
    journal = "Adv. Theor. Math. Phys.",
    volume = "15",
    number = "2",
    pages = "471--564",
    year = "2011"
}

@article{Itoyama:1995nv,
    author = "Itoyama, H. and Morozov, A.",
    title = "{Integrability and Seiberg-Witten theory: Curves and periods}",
    eprint = "hep-th/9511126",
    archivePrefix = "arXiv",
    reportNumber = "ITEP-M5-95, OU-HET-227",
    doi = "10.1016/0550-3213(96)00358-6",
    journal = "Nucl. Phys. B",
    volume = "477",
    pages = "855--877",
    year = "1996"
}

@article{Donagi:1995cf,
    author = "Donagi, Ron and Witten, Edward",
    title = "{Supersymmetric Yang-Mills theory and integrable systems}",
    eprint = "hep-th/9510101",
    archivePrefix = "arXiv",
    reportNumber = "IASSNS-HEP-95-78",
    doi = "10.1016/0550-3213(95)00609-5",
    journal = "Nucl. Phys. B",
    volume = "460",
    pages = "299--334",
    year = "1996"
}

@article{Martinec:1995by,
    author = "Martinec, Emil J. and Warner, Nicholas P.",
    title = "{Integrable systems and supersymmetric gauge theory}",
    eprint = "hep-th/9509161",
    archivePrefix = "arXiv",
    reportNumber = "EFI-95-61, USC-95-025",
    doi = "10.1016/0550-3213(95)00588-9",
    journal = "Nucl. Phys. B",
    volume = "459",
    pages = "97--112",
    year = "1996"
}

@article{Gorsky:1995zq,
    author = "Gorsky, A. and Krichever, I. and Marshakov, A. and Mironov, A. and Morozov, A.",
    title = "{Integrability and Seiberg-Witten exact solution}",
    eprint = "hep-th/9505035",
    archivePrefix = "arXiv",
    reportNumber = "UUITP-6-95, ITEP-M3-95, FIAN-TD-9-95",
    doi = "10.1016/0370-2693(95)00723-X",
    journal = "Phys. Lett. B",
    volume = "355",
    pages = "466--474",
    year = "1995"
}

@article{Nakajima:2003pg,
    author = "Nakajima, Hiraku and Yoshioka, Kota",
    title = "{Instanton counting on blowup. 1.}",
    eprint = "math/0306198",
    archivePrefix = "arXiv",
    doi = "10.1007/s00222-005-0444-1",
    journal = "Invent. Math.",
    volume = "162",
    pages = "313--355",
    year = "2005"
}

@article{Seiberg:1994aj,
    author = "Seiberg, N. and Witten, Edward",
    title = "{Monopoles, duality and chiral symmetry breaking in {$\mathcal{N}=2$} supersymmetric QCD}",
    eprint = "hep-th/9408099",
    archivePrefix = "arXiv",
    reportNumber = "RU-94-60, IASSNS-HEP-94-55",
    doi = "10.1016/0550-3213(94)90214-3",
    journal = "Nucl. Phys. B",
    volume = "431",
    pages = "484--550",
    year = "1994"
}

@article{Seiberg:1994rs,
    author = "Seiberg, N. and Witten, Edward",
    title = "{Electric-magnetic duality, monopole condensation, and confinement in {$\mathcal{N}=2$} supersymmetric Yang-Mills theory}",
    eprint = "hep-th/9407087",
    archivePrefix = "arXiv",
    reportNumber = "RU-94-52, IASSNS-HEP-94-43",
    doi = "10.1016/0550-3213(94)90124-4",
    journal = "Nucl. Phys. B",
    volume = "426",
    pages = "19--52",
    year = "1994",
    note = "[Erratum: Nucl.Phys.B 430, 485--486 (1994)]"
}

